3290 5187
571 446 701 493 VIII

572 614 854 698 Pignorii
882 613 1224 696 Patauini','
1264 631 1387 680 non
1432 613 1559 679 iam
1608 613 1832 678 exstat.
1879 611 1969 678 cf.
2003 613 2240 678 Ernest.
2275 611 2490 678 Ludw.
2535 614 2604 678 in
2653 633 2833 697 prae-

572 719 686 783 fat.
725 719 803 782 ad
849 717 1134 783 instruct.
1179 736 1237 799 p.
1286 717 1398 781 XI.

147 840 254 881 coa.
282 838 544 880 maromon-
657 820 734 884 In
777 821 897 885 hac
942 820 1121 884 tanta
1165 819 1439 884 fatorum
1484 819 1820 902 iniquitate
1868 819 1982 897 est,
2039 837 2147 884 cur
2190 819 2368 885 nobis
2413 821 2831 903 gratulemur,

144 890 553 985 fflmfflssshsslc-
574 926 737 1007 quod
780 923 967 988 codex
997 922 1539 989 Mediomontanus
1575 923 2157 1007 (Middlehillensis)
2194 927 2462 988 aetatem
2506 925 2678 1006 tulit,
2728 927 2835 1008 qui

576 1027 642 1091 in
673 1027 950 1107 catalogo
981 1025 1243 1090 Haeneli
1291 1028 1376 1108 (p.
1414 1026 1568 1109 861)
1614 1027 1680 1090 in
1725 1027 1901 1093 libris
1933 1026 2453 1093 Meermannianis
2483 1027 2573 1092 sic
2605 1027 2834 1092 descri-

577 1129 782 1194 bitur:
819 1127 1273 1194 ‘Commodiani
1318 1129 1768 1196 Instructiones
1814 1149 1929 1212 per
1972 1131 2218 1196 litteras
2263 1149 2554 1195 uersuum
2598 1133 2836 1213 primas

576 1253 687 1299 scu
719 1232 1022 1316 uersibus,
1068 1232 1175 1314 qui
1210 1232 1503 1299 dicuntur
1547 1234 2008 1310 acrostichides,
2055 1252 2200 1300 cum
2245 1235 2619 1316 quibusdam
2662 1234 2836 1300 aeni-

578 1336 911 1419 gmatibuS,
958 1353 1116 1401 saec.
1160 1335 1274 1416 XI,
1321 1334 1862 1402 membranaceus?

664 1438 851 1504 Hunc
881 1458 1021 1504 cum
1053 1440 1345 1504 uniuersa
1373 1438 1754 1505 bibliotheca
1780 1439 2291 1505 Mediomontana
2315 1438 2837 1505 Cheltenhamum

581 1541 960 1607 translatum
1005 1541 1389 1607 Ernestus
1434 1541 1784 1625 Ludwig,
1832 1542 2199 1624 priusquam
2231 1543 2508 1606 carmina
2541 1539 2837 1607 Commo-

581 1644 751 1709 diani
797 1643 1021 1724 ederet,
1067 1645 1135 1707 in
1165 1662 1347 1709 usum
1374 1664 1557 1709 suum
1587 1648 1945 1709 conuertere
1989 1648 2246 1709 conatus
2293 1646 2420 1721 est;
2468 1644 2577 1709 sed
2622 1662 2836 1725 sump-

583 1747 787 1827 tibus,
854 1748 960 1830 qui
1004 1766 1115 1829 pro
1174 1747 1358 1812 uenia
1414 1746 1721 1812 librorum
1784 1747 2450 1814 Cheltenhamensium
2501 1746 2836 1829 inspicien-

582 1854 802 1917 dorum
845 1850 1010 1935 exigi
1054 1852 1285 1927 solent,
1355 1850 1689 1915 deterritus
1749 1850 1994 1934 incepto
2053 1851 2319 1916 destitit.
2398 1849 2529 1929 Quo
2597 1849 2837 1913 factum

583 1955 697 2032 est,
740 1955 815 2019 ut
846 1954 1032 2019 editio
1065 1956 1194 2019 eius
1226 1958 1475 2038 propter
1520 1955 1754 2019 ceteras
1799 1954 2066 2020 uirtutes
2116 1955 2455 2020 admodum
2501 1950 2840 2019 laudabilis

584 2058 841 2122 certiore
888 2062 1098 2123 tamen
1142 2058 1348 2123 textus
1394 2057 1825 2122 conformandi
1869 2058 2279 2124 fundamento
2326 2059 2551 2123 careat.

668 2159 1016 2242 Insignitus
1064 2164 1161 2225 est
1206 2160 1390 2225 codex
1436 2160 1544 2224 ille
1593 2160 1756 2225 hunc
1804 2162 1867 2225 in
1916 2162 2202 2226 modum:
2239 2159 2401 2226 ‘cod
2450 2160 2839 2225 Mediomon-

579 2262 768 2326 tanus
804 2261 968 2328 1825
1000 2261 1568 2342 (Meermannianus
1601 2262 1802 2342 708)’.
1863 2262 2076 2328 Prima
2106 2263 2335 2347 uiginti
2364 2266 2658 2344 quattuor
2689 2260 2844 2326 folia

581 2364 906 2431 continent
971 2363 1397 2430 Commodiani
1463 2365 1950 2442 instructiones;
2021 2385 2059 2431 a
2123 2366 2271 2431 folio
2339 2366 2425 2430 25
2493 2367 2842 2448 sequuntur

581 2468 948 2534 tetrasticha
992 2466 1321 2534 enchiridii
1365 2468 1795 2544 Prudentiani,
1844 2488 2104 2552 quorum
2150 2469 2426 2552 primum
2475 2468 2842 2534 inscribitur

584 2570 812 2637 ‘Adam
844 2572 910 2637 et
942 2568 1109 2637 Eua?
1179 2570 1350 2637 Haec
1382 2571 1776 2656 excipiuntur
1819 2574 2184 2657 aenigmatis
2231 2572 2553 2657 sexaginta
2583 2572 2843 2658 duobus,

583 2694 845 2758 quorum
889 2675 1260 2740 Haenelium
1307 2678 1372 2741 in
1416 2676 1700 2761 catalogo
1758 2678 2145 2743 mentionem
2201 2677 2402 2741 facere
2459 2695 2647 2759 supra
2708 2694 2841 2740 me-

584 2780 966 2845 morauimus
993 2778 1097 2860 15).

674 2883 1000 2948 Accedunt
1045 2883 1267 2948 deinde
1310 2882 1378 2946 in
1422 2884 1641 2948 eodem
1685 2882 1889 2949 codice
1935 2884 2060 2949 alia
2103 2885 2428 2966 quaedam,
2476 2900 2629 2965 quae
2674 2901 2844 2948 com-

590 3004 931 3052 memorare
975 2986 1234 3068 longum
1279 2989 1394 3049 est.

677 3089 795 3155 Hic
855 3088 1044 3154 codex
1101 3090 1166 3153 in
1222 3087 1739 3155 instructionibus
1784 3086 2212 3153 Commodiani
2258 3091 2330 3152 ut
2379 3087 2614 3152 multas
2661 3087 2849 3152 affert

589 3193 880 3258 lectiones
912 3193 1019 3269 eis,
1065 3211 1222 3275 quae
1265 3192 1331 3255 in
1375 3191 1673 3257 editiones
1717 3196 2000 3274 receptae
2045 3191 2211 3275 sunt,
2242 3189 2844 3273 praestantioresw),

588 3296 681 3360 ita
726 3295 1010 3378 plurimis
1055 3299 1118 3360 et
1162 3294 1539 3361 foedissimis
1595 3296 1797 3360 scatet
1852 3294 2113 3359 mendis.
2194 3293 2358 3358 Nam
2414 3295 2843 3377 praeterquam

594 3400 755 3482 quod
800 3398 1198 3463 librariorum
1243 3396 1480 3463 incuria
1525 3398 1626 3462 uel
1686 3397 1941 3462 inscitia
2005 3396 2246 3461 factum
2299 3399 2420 3474 est,
2483 3398 2555 3462 ut
2610 3397 2849 3477 saepis-

593 3500 751 3566 sime
796 3502 989 3567 uerba
1030 3500 1142 3565 aut
1185 3500 1364 3565 miris
1409 3501 1613 3565 modis
1662 3500 2154 3565 deformarentur
2199 3504 2310 3564 aut
2355 3500 2607 3564 omnino
2656 3500 2849 3564 omit-

596 3604 903 3682 terentur,
969 3622 1046 3668 ne
1101 3603 1654 3685 interpolationum
1715 3604 1968 3685 quidem
2028 3604 2252 3667 desunt
2311 3603 2619 3686 exempla,
2687 3603 2850 3684 quod

596 3705 1056 3790 deprauationis
1101 3725 1298 3790 genus
1345 3705 1642 3770 facillime
1690 3706 2099 3789 cognoscitur,
2147 3704 2253 3771 ubi
2284 3707 2616 3771 uerborum
2649 3704 2851 3770 abun—

597 3811 811 3876 dantia
865 3809 1104 3875 iustum
1160 3808 1415 3873 modum
1471 3827 1684 3873 uersus
1730 3808 1971 3873 excedit
2017 3808 2191 3871 uelut
2235 3807 2301 3870 II
2350 3808 2450 3888 14,
2495 3808 2570 3891 43
2628 3809 2730 3889 21,
2778 3808 2851 3888 23

595 3914 701 3995 32,
754 3914 850 3978 10.

685 4015 1071 4097 Scripturam
1125 4014 1395 4099 primam
1453 4013 1685 4080 codicis
1747 4021 1859 4081 aut
1919 4016 2137 4080 eadem
2189 4033 2413 4079 manus
2483 4014 2594 4079 aut
2657 4016 2854 4079 altera

598 4119 912 4184 interdum
944 4122 1221 4184 correxit.
1288 4119 1569 4184 Alterius
1615 4123 1825 4184 autem
1872 4138 2093 4185 manus
2141 4117 2600 4184 emendationes
2645 4119 2707 4183 et
2739 4119 2852 4183 ad-

599 4223 613 4247 .

686 4290 743 4356 ¹⁵)
782 4290 860 4343 De
897 4289 1092 4342 eisdem
1128 4289 1244 4357 egit
1279 4287 1458 4343 Guil.
1493 4288 1719 4358 Meyer
1755 4288 1793 4340 1.
1831 4304 1874 4342 c.
1911 4304 1962 4357 p.
1996 4289 2115 4343 413.

687 4376 744 4444 ³⁶)
784 4376 866 4429 Cf.
904 4373 1395 4444 Sitzungsberichte
1432 4373 1584 4430 CVII
1622 4390 1674 4442 p·
1713 4374 1814 4428 742
1849 4390 1963 4442 sqq·
