3290 5187
2538 453 2658 500 XIII

401 623 671 706 primum
705 624 870 707 typis
903 621 1251 687 mandatae.
1312 621 1483 686 Tulli
1513 624 1878 692 Leucorum.
1938 624 2122 705 Apud
2156 621 2308 687 Sim.
2343 623 2657 706 Belgrand

404 727 449 790 δι
496 728 580 792 Ιο.
628 727 1066 803 Laurentium,
1114 725 1553 809 Typographos
1599 728 1848 810 Regios,
1925 725 2419 793 M.DC.XLIX.
2499 725 2655 791 Cum
2775 718 2790 735 ‘

400 830 730 914 priuilegio
774 831 1009 913 Regis?

488 934 575 999 Ea
621 934 810 999 editio
856 950 978 1015 qua
1021 933 1261 997 ratione
1306 933 1390 996 sit
1434 931 1764 1012 instituta,
1833 931 2126 1015 quoniam
2182 932 2337 996 alias
2383 930 2511 995 iam
2557 951 2658 995 ex-

400 1037 580 1120 posui
606 1035 709 1118 Μ),
756 1036 890 1101 illic
921 1053 1075 1117 quae
1107 1034 1233 1100 dixi
1265 1035 1405 1099 nolo
1437 1036 1734 1118 repetere.
1803 1035 1973 1100 Illud
2003 1037 2254 1099 tantum
2284 1035 2656 1109 monuerim,

401 1143 467 1206 in
500 1140 769 1205 editione
797 1140 1073 1222 principe
1105 1142 1355 1221 praeter
1384 1139 1625 1203 textum
1658 1140 2145 1204 instructionum
2191 1158 2329 1204 eam
2373 1138 2660 1219 inprimis

401 1242 755 1327 appendicis
801 1243 1045 1326 partem
1094 1241 1357 1306 alicuius
1407 1261 1537 1307 esse
1583 1242 1909 1321 momenti,
1958 1261 2080 1324 qua
2111 1243 2324 1307 uariae
2355 1242 2658 1306 lectiones

403 1368 474 1413 ex
519 1346 871 1431 apographo
918 1344 1237 1410 Sirmondi
1281 1346 1700 1428 proferuntur.

490 1450 672 1514 Anno
717 1454 858 1531 post
903 1449 1292 1530 publicatam
1336 1447 1683 1531 principem
1728 1448 1927 1513 altera
1957 1447 2189 1529 prodiit
2219 1446 2409 1511 editio
2448 1449 2660 1513 eodem

403 1552 656 1618 homine
705 1553 885 1618 docto
934 1554 1212 1630 curante,
1262 1551 1435 1616 cuius
1481 1551 1634 1617 haec
1680 1553 1775 1616 est
1819 1550 2177 1632 inscriptio:

487 1654 947 1721 ‘Commodiani
1014 1655 1463 1719 Instructiones
1531 1655 1826 1719 aduersus
1883 1652 2181 1718 Gentium
2251 1654 2434 1717 DeoS.
2538 1651 2661 1715 Pro

405 1758 744 1824 christiana
792 1757 1143 1841 disciplina.
1221 1759 1525 1839 Tempore
1558 1756 1850 1823 Siluestri
1893 1757 1965 1821 P.
1997 1758 2074 1823 R.
2106 1758 2220 1821 sub
2254 1753 2662 1820 Constantino

405 1862 576 1927 Caes
627 1860 1022 1943 compositae.
1099 1859 1284 1925 Nunc
1327 1863 1602 1943 primum
1649 1860 1814 1943 typis
1862 1860 2213 1924 mandatae.
2290 1858 2460 1923 Tulli
2504 1859 2664 1923 Leu-

404 1983 634 2029 corum.
723 1966 905 2045 Apud
976 1963 1034 2029 S.
1093 1964 1405 2046 Belgrand
1477 1968 1539 2027 et
1606 1963 1656 2027 I.
1717 1962 2154 2037 Laurentium,
2225 1962 2665 2044 Typographos

405 2067 652 2150 Regios
724 2064 1058 2132 M.DC.L.
1139 2063 1299 2129 Cum
1344 2064 1676 2149 priuilegio
1721 2065 1953 2148 Regis!

491 2171 722 2235 Textus
771 2168 1034 2234 alterius
1081 2168 1370 2233 editionis
1417 2187 1454 2232 a
1493 2169 1769 2251 principe
1814 2187 1934 2232 non
1965 2169 2176 2250 paucis
2207 2167 2359 2233 locis
2393 2167 2665 2250 diuergit

406 2291 603 2355 neque
647 2273 858 2338 tamen
905 2274 1038 2337 ideo
1084 2271 1307 2335 melior
1350 2271 1554 2337 factus
1600 2273 1713 2337 est.
1784 2271 1949 2336 Nam
1995 2270 2307 2352 Rigaltius
2353 2272 2421 2335 in
2468 2272 2664 2336 altera

407 2376 709 2450 editione,
774 2376 845 2439 ut
903 2375 1138 2456 aliquot
1198 2375 1530 2439 manifesta
1574 2373 1867 2438 editionis
1912 2373 2213 2457 principis
2259 2375 2484 2438 menda
2530 2393 2663 2438 cor·

406 2478 597 2557 rexit,
653 2478 744 2542 ita
791 2479 1006 2543 crebro
1053 2480 1162 2541 aut
1206 2477 1408 2559 ipsam
1454 2477 1786 2542 lectionem
1831 2475 2165 2560 genuinam
2211 2478 2320 2541 aut
2363 2480 2665 2558 genuinae

405 2581 637 2647 indicia
694 2582 1088 2663 praepostere
1150 2579 1446 2646 aboleuit.
1550 2578 1642 2646 Cf.
1708 2577 2284 2662 Sitzungsberichte
2341 2577 2548 2646 XCVI
2604 2601 2665 2663 p.

407 2685 535 2750 455
579 2702 712 2766 sqq.

495 2787 703 2851 Editio
750 2788 947 2851 altera
992 2787 1513 2852 commentarium
1559 2804 1802 2868 quoque
1847 2786 2147 2865 continet,
2195 2804 2314 2868 quo
2362 2788 2457 2852 ed.
2493 2787 2667 2870 prin-

411 2907 552 2973 ceps
615 2890 798 2955 caret.
885 2889 961 2954 In
1024 2908 1092 2954 eo
1156 2892 1604 2954 commentario
1668 2892 1914 2971 praeter
1973 2908 2179 2952 rerum
2226 2894 2290 2953 et
2333 2890 2667 2955 uerborum

410 2992 853 3074 explicationes
900 2992 1065 3057 haud
1112 3011 1251 3057 raro
1294 2995 1502 3056 uariae
1532 2992 1831 3057 lectiones
1865 3011 1935 3057 ex
1967 2992 2321 3074 apographo
2354 2991 2668 3056 Sirmondi

411 3096 992 3173 commemorantur,
1041 3113 1195 3176 quae
1243 3095 1307 3159 in
1353 3094 1690 3178 appendice
1737 3095 2031 3159 editionis
2076 3094 2372 3175 principis
2418 3095 2665 3161 desunt.

493 3197 587 3261 De
663 3199 919 3279 cetam,
995 3217 1148 3280 quae
1222 3200 1287 3261 in
1368 3201 1458 3262 ed.
1535 3198 1735 3262 altera
1810 3198 2111 3261 notabilia
2183 3197 2509 3278 uidentur,
2586 3200 2663 3263 cf.

411 3300 987 3384 Sitzungsberichte
1033 3299 1241 3366 XCVI
1287 3320 1347 3383 p.
1392 3302 1521 3366 460
1565 3321 1698 3384 sqq.

495 3405 734 3469 Harum
808 3406 1069 3469 duarum
1132 3405 1478 3468 editionum
1539 3405 1941 3488 exemplaria,
2020 3423 2177 3487 quae
2237 3406 2365 3470 iam
2426 3406 2666 3471 saeculo

412 3508 676 3591 septimo
724 3507 962 3572 decimo
1010 3510 1267 3571 exeunte
1312 3507 1643 3573 admodum
1690 3525 1831 3571 rara
1875 3507 2067 3572 fuisse
2100 3507 2428 3572 Gisbertus
2463 3507 2668 3590 Cupei·

409 3611 477 3675 in
508 3613 909 3677 Lactantiani
939 3611 1090 3676 libri
1124 3613 1199 3677 de
1230 3613 1412 3676 mort.
1447 3615 1753 3694 persecut.
1801 3632 1853 3678 c.
1886 3614 1927 3676 2
1972 3615 2246 3695 adnotat,
2293 3615 2671 3695 paucissima

414 3734 578 3780 nunc
622 3717 969 3798 supersunt,
1039 3733 1156 3798 quo
1206 3716 1442 3781 factum
1490 3722 1615 3796 est,
1685 3718 1759 3781 ut
1803 3720 1876 3782 de
1924 3718 2192 3782 editione
2236 3718 2517 3800 principe
2562 3720 2668 3782 diu

409 3838 703 3902 peruersa
751 3818 945 3884 fuerit
991 3817 1318 3883 hominum
1367 3820 1690 3884 doctorum
1738 3817 1946 3901 opinio
1969 3817 2075 3904 ⁹³).

498 3922 593 3986 Ac
650 3921 951 4004 principis
1012 3922 1265 4004 quidem
1335 3922 1624 3987 editionis
1680 3923 2023 3987 Parisiis
2082 3922 2233 4003 duo,
2303 3921 2671 3986 Berolini

410 4043 641 4108 unum3
687 4024 946 4090 alterius
993 4025 1279 4089 editionis
1327 4025 1577 4107 singula
1612 4026 1875 4090 Parisiis
1910 4029 1971 4089 et
2005 4024 2284 4089 Berolini
2328 4026 2394 4088 in
2441 4025 2671 4090 biblio-

410 4126 608 4190 thecis
654 4126 919 4208 publicis
966 4126 1342 4209 exemplaria
1388 4130 1738 4193 seruantur.
1795 4127 2225 4192 Berolinensia
2272 4127 2666 4211 exemplaria,

504 4295 566 4361 22)
607 4259 1100 4366 Sitzun—gsberichte
1137 4296 1309 4351 XCVI
1346 4313 1397 4365 p.
1432 4298 1532 4351 447
1573 4313 1688 4365 sqq.

499 4380 567 4446 2³)
605 4381 741 4436 Ibid.
779 4400 828 4451 p.
865 4384 982 4436 448.

2723 1457 2869 1500 Editio
2897 1459 3037 1499 altera

2812 1511 2958 1561 (1650).
