3290 5187
1054 460 1401 513 uerborum
1437 466 1501 515 et
1536 462 1974 517 locutionum.

336 658 554 712 operare
598 666 666 684 =
712 660 910 712 operae
958 647 1148 712 facere
1197 647 1226 701 Ι
1268 648 1351 712 30,
1396 651 1461 703 14

406 711 500 776 (cf.
535 713 801 779 Roensch,
842 718 911 768 It.
953 721 1003 768 et
1035 715 1192 786 Valq.
1226 733 1282 785 p.
1311 721 1456 780 2983

2557 471 2683 535 229

1620 651 1805 773 (Iblibffl.
1843 652 2047 774 pglmas
2094 653 2206 707 Deo
2253 654 2446 723 dignas
2493 656 2684 724 ligatis

404 781 609 834 Blaett.
646 782 688 847 f.
725 781 779 835 d.
816 783 1000 852 bayer.
1046 784 1239 854 Gymn.
1277 785 1467 840 XVII
1552 788 1782 855 pandere
1834 790 1904 855 (‘?)
1948 810 2019 837 =
2065 790 2353 857 explicare,
2408 807 2683 859 exponere

335 852 1141 1042 ορἓέ884ξτ.)ὲῐέορ818,2ἑηίῗῖ1118,
1189 922 1365 975 11811118
1402 921 1463 976 II

334 1057 519 1122 optato
571 1076 641 1101 =
694 1070 760 1108 eoe
812 1058 1111 1110 sententiat
1166 1073 1251 1110 rex
1311 1058 1461 1112 adest

403 1124 587 1191 optato
622 1123 682 1177 Π
720 1124 801 1186 12,
839 1125 932 1190 12;
967 1127 1041 1191 cf.
1079 1131 1356 1180 comment.

333 1207 466 1258 opus
489 1194 586 1244 est
630 1214 697 1238 =
747 1192 925 1246 decet:
979 1194 1155 1247 uerbis
1192 1209 1323 1262 opus
1359 1202 1462 1248 n'on

402 1261 485 1312 est
528 1259 754 1314 uisitare
799 1261 1141 1329 (pauperem)
1179 1262 1269 1315 sed
1305 1263 1462 1317 bene-

402 1327 564 1381 factis
616 1328 677 1381 II
730 1328 811 1393 30,
873 1330 952 1383 12.
1008 1331 1229 1399 ignauia
1282 1333 1460 1398 pueris

409 1411 543 1464 opus
569 1400 668 1460 est,
707 1412 808 1450 non
845 1402 983 1451 certe
1020 1398 1258 1452 robustis
1295 1401 1359 1454 A.
1395 1402 1464 1455 69

335 1478 484 1518 orare
520 1486 591 1511 =
625 1465 860 1519 adorare
897 1466 924 1519 I
972 1467 1020 1532 2,
1071 1467 1121 1521 6.
1175 1469 1224 1530 3,
1277 1469 1357 1522 15.
1411 1470 1461 1535 6,

404 1533 486 1586 19.
527 1534 574 1595 7,
611 1534 659 1586 2.
695 1534 780 1587 20.
818 1535 865 1600 8,
902 1536 949 1589 2.
990 1538 1041 1591 8.
1080 1538 1158 1600 15,
1196 1538 1245 1589 5.
1295 1537 1374 1601 16,
1410 1538 1461 1591 5.

400 1603 449 1658 6.
469 1603 517 1655 8.
542 1603 628 1666 41,
652 1603 731 1655 14.
750 1632 818 1643 —
834 1604 954 1657 sine
972 1604 1173 1658 obiecto
1190 1626 1261 1651 ==
1278 1607 1458 1659 beten:

400 1671 429 1724 Ι
466 1671 550 1737 25,
589 1671 670 1724 13.
705 1672 764 1725 ΙΙ
798 1672 880 1736 32,
922 1674 1003 1729 10.
1040 1673 1124 1736 38,
1164 1676 1210 1726 1.
1248 1672 1297 1727 3.
1333 1675 1369 1728 4

331 1740 503 1794 oratio
539 1762 605 1787 =
646 1739 839 1794 Gebet:
878 1740 1066 1794 domus
1104 1741 1364 1796 orationis
1398 1743 1459 1796 II

399 1808 483 1928 ΒΞ,
523 1809 598 1929 ἐξ),
634 1809 822 1875 (118711.)-
858 1810 1154 1864 orationem
1192 1810 1361 1864 facere
1396 1811 1456 1865 II

309 1943 500 2011 orbis:
551 1960 693 1997 mors
729 1945 961 1998 intrauit
995 1946 1053 1999 in
1090 1947 1268 2001 orbem
1308 1948 1337 2001 I
1374 1949 1457 2010 35,

400 2012 431 2063 7
469 2013 656 2081 (bibi).
695 2013 963 2067 adclamat
1000 2052 1045 2068 ..
1080 2015 1137 2068 in
1183 2016 1362 2071 orbem
1398 2016 1459 2070 ΙΙ

398 2080 446 2144 2,
473 2082 521 2134 4.
559 2082 909 2135 declamasset
944 2084 1000 2135 in
1027 2086 1204 2137 orbem
1233 2085 1289 2139 ΙΙ
1317 2085 1397 2148 15,
1424 2087 1457 2139 3

329 2149 573 2204 ordinare
596 2171 666 2196 =
688 2152 1000 2204 instituere:
1026 2153 1298 2207 ordinasse
1322 2154 1458 2206 talia

404 2218 680 2271 Summum
706 2221 770 2271 A.
795 2219 879 2273 55.
904 2221 949 2272 si
975 2235 1079 2273 non
1107 2221 1457 2290 Omnipotens

398 2287 700 2340 ordinasset
734 2291 859 2341 ante
894 2288 958 2341 de
994 2289 1149 2342 nobis
1184 2292 1248 2343 A.
1284 2290 1388 2344 288

329 2357 482 2408 ordo:
518 2357 746 2409 tortoris
782 2358 909 2409 ordo
935 2357 964 2411 1
989 2357 1074 2423 24,
1110 2358 1194 2411 23.
1230 2360 1457 2427 quadra-

400 2424 559 2492 ginta
595 2425 707 2477 dies
744 2441 862 2477 cum
900 2425 1014 2478 illis
1051 2442 1111 2479 ex
1149 2427 1331 2480 ordine
1369 2430 1457 2493 (=

399 2498 465 2546 ut
501 2498 792 2547 consuerat
816 2492 860 2561 ,9)
897 2493 1029 2547 fecit
1062 2496 1127 2548 A.
1161 2496 1260 2548 571

332 2577 525 2615 ornare
543 2583 613 2609 =
632 2561 908 2627 ordinare,
945 2578 1278 2632 conponere:
1303 2579 1458 2618 011188

409 2671 422 2683 .
444 2669 459 2683 .
491 2631 762 2684 cincinnos
800 2630 859 2683 11
886 2632 967 2696 18,
996 2635 1030 2686 5
1055 2631 1149 2699 (cf.
1171 2633 1457 2702 Sitzunqs-

398 2700 634 2753 berichte
670 2699 845 2754 CVII
872 2717 924 2767 p.
966 2702 1093 2768 768)

329 2783 415 2821 os:
456 2768 700 2822 doctores
736 2783 828 2821 ora
852 2768 1179 2836 procludunt
1204 2769 1262 2823 ΙΙ
1292 2771 1369 2833 16,
1395 2771 1458 2822 15

398 2836 491 2901 (cf.
530 2836 758 2905 August.
797 2836 902 2889 cin.
926 2836 1042 2890 Dei
1078 2838 1185 2891 nol.
1224 2840 1258 2889 1
1281 2854 1341 2905 p.
1368 2843 1460 2902 86,

398 2908 469 2957 31
490 2903 612 2963 D2.)
639 2920 697 2957 08
722 2905 921 2958 1808188
946 2905 1003 2958 11
1021 2905 1106 2969 32,
1132 2907 1166 2960 8
1186 2907 1278 2973 (cf.
1301 2907 1460 2961 Ouid.

396 2979 520 3027 met.
539 2973 648 3026 XI
666 2976 816 3039 726).
842 2973 1160 3028 frustrantes
1183 2976 1241 3026 in
1269 2990 1354 3027 ore
1379 2978 1464 3095 (ΜΞ

398 3043 461 3093 in
496 3057 555 3095 os
589 3041 901 3095 inludentes
913 3041 965 3111 ἓ)
1001 3043 1065 3095 A.
1106 3042 1224 3096 505.
1277 3042 1387 3096 infe
1415 3045 1464 3095 'x

395 3113 480 3164 est
515 3109 623 3173 ille,
668 3111 761 3176 qui
798 3111 1005 3164 uenerit
1030 3111 1139 3163 illis
1174 3112 1233 3164 in
1270 3126 1358 3165 ore
1396 3114 1461 3166 A.

395 3178 514 3232 595.
550 3177 633 3231 illi
669 3181 863 3232 tonant
897 3195 985 3232 ore
1020 3178 1086 3232 A.
1121 3180 1224 3234 598

330 3245 538 3300 ossibus
553 3248 701 3300 cuius
715 3263 861 3300 amor
874 3247 1200 3301 Cassandrae
1211 3246 1462 3314 flagrauit

397 3314 426 3368 1
468 3316 549 3380 11,
586 3315 639 3368 6.
671 3315 857 3384 (Vera.
904 3315 1101 3385 Geory.
1138 3316 1249 3370 ΙΙΙ
1277 3318 1429 3381 258.)

323 3384 503 3436 estare
560 3406 626 3430 =
678 3399 879 3446 arcere,
936 3384 1259 3455 francoyall.
1316 3384 1456 3438 oter:

396 3451 607 3505 induite
629 3454 825 3518 uestes,
864 3468 994 3521 quas
1020 3456 1244 3522 oportet,
1281 3452 1457 3521 frigus

395 3523 459 3572 ut
494 3522 675 3573 ostent
709 3520 765 3574 ΙΙ
806 3522 886 3582 18,
929 3522 1006 3575 15.
1057 3522 1280 3587 (Blaett.
1316 3522 1357 3587 f.
1403 3521 1456 3574 d.

395 3588 577 3657 bayer.
619 3588 817 3657 Gymn.
856 3589 1016 3643 XVI
1042 3606 1094 3656 p.
1135 3593 1284 3654 349.)

326 3659 549 3709 ouantes
585 3679 654 3705 ..--
689 3657 1009 3724 uictores(?)
1048 3657 1108 3712 11
1143 3658 1227 3722 20,
1265 3661 1299 3713 5

325 3740 653 3845 ooegmoronz
715 3727 797 3779 lex
851 3727 965 3779 sine
1016 3727 1137 3794 lege
1174 3726 1202 3780 1
1258 3728 1307 3790 7,
1370 3727 1454 3781 18.

429 3794 708 3847 iothanati
745 3793 773 3846 Ι
801 3795 883 3860 14,
920 3795 971 3848 8.
1009 3796 1183 3848 morte
1208 3796 1455 3849 uiuentes

391 3861 420 3914 I
456 3862 542 3926 36,
579 3864 629 3917 5.
666 3877 813 3916 88018
847 3863 1110 3932 sacrilega
1144 3864 1209 3918 A.
1251 3863 1355 3918 680

322 3981 629 4051 Ρ80111011111
667 3998 822 4051 redde
857 4001 912 4051 te
948 4000 1153 4054 cunctis
1192 4000 1248 4053 II
1282 4002 1366 4064 22,
1406 4001 1454 4053 7.

393 4066 647 4120 ducatum
673 4066 951 4134 pacificum
971 4071 1243 4134 praestare
1267 4071 1331 4122 A.
1351 4069 1455 4122 970

323 4136 603 4202 paenitens
638 4157 705 4182 =
742 4136 955 4189 Biisser
1001 4137 1060 4191 11
1108 4138 1142 4191 8
1190 4138 1357 4192 inser.
1405 4144 1456 4191 et

393 4220 450 4256 u.
489 4205 514 4256 1

321 4272 503 4339 palma
539 4272 797 4326 uictoriae
823 4272 1057 4326 donatus
1083 4273 1140 4327 II
1169 4274 1251 4337 17,
1281 4274 1363 4327 18.
1387 4304 1454 4314 —

389 4356 694 4396 =maniist
721 4341 1069 4410 maxillaeque
1094 4358 1241 4396 meas
1261 4342 1454 4410 palmis

392 4408 658 4463 feriendas
711 4410 912 4479 iniquis
965 4410 1185 4479 praebui
1239 4412 1303 4464 A.
1351 4410 1454 4466 355

1545 925 1957 990 parallelismus
2010 931 2063 979 et
2116 927 2415 980 chinemus:
2467 928 2680 981 Esaiam

1621 997 1843 1057 serrant,
1881 992 2128 1061 lapidant
2149 994 2473 1049 Hieremiam
2500 999 2683 1060 erecti,

1621 1060 1915 1115 Iohannem
1964 1062 2246 1127 decollant,
2295 1064 2547 1132 iugulant
2583 1065 2679 1118 Za—

1621 1128 1857 1182 chariam
1894 1129 1961 1182 ad
1998 1145 2117 1183 aras
2154 1133 2217 1184 A.
2254 1132 2355 1184 221
2394 1148 2474 1200 sq.

1554 1197 1879 1264 paralyticus
1915 1199 1978 1251 A.
2014 1198 2116 1252 649

1545 1267 1844 1332 parataoeie
1881 1282 1992 1333 pro
2025 1268 2319 1335 hypotaoeiz
2373 1269 2587 1322 sortiris
2623 1307 2638 1320 .
2657 1308 2673 1321 .

1620 1333 1877 1401 extincta,
1934 1351 2094 1388 aurea
2146 1336 2359 1403 quaeris
2396 1337 2423 1390 I
2459 1338 2543 1402 34,
2594 1339 2677 1392 13.

1620 1418 1686 1456 ne
1711 1402 1952 1456 dubites:
1976 1403 2230 1471 quicquid
2254 1405 2489 1473 potioria,
2516 1406 2676 1459 datur

1619 1471 1796 1593 Kragtli
1834 1471 1863 1525 Ι
1887 1472 1971 1536 38,
2007 1474 2057 1525 4.
2097 1488 2261 1539 spero,
2310 1489 2429 1526 reus
2470 1491 2572 1527 non
2598 1478 2679 1528 est

1550 1609 1800 1675 paratus:
1846 1607 1911 1660 de
1948 1608 2142 1676 ubique
2175 1609 2377 1677 paratis
2403 1631 2468 1657 =
2494 1610 2561 1663 de
2594 1611 2680 1676 iic,

1617 1677 1717 1744 qui
1750 1675 1907 1729 modo
1942 1678 2139 1745 gentili
2171 1677 2328 1731 modo
2373 1677 2682 1733 Christiano

1617 1760 1766 1797 more
1799 1744 1992 1798 ninere
2026 1746 2226 1798 uolunt
2260 1745 2289 1798 I
2326 1746 2394 1799 23
2429 1748 2590 1800 inser.
2630 1754 2681 1802 et

1617 1829 1674 1866 a.
1731 1813 1781 1865 2.
1836 1842 1903 1853 —
1946 1833 2016 1859 =
2060 1819 2250 1881 aptus:
2307 1816 2519 1868 matura
2572 1818 2678 1868 iam

1617 1881 2061 2003 ineisisktempus
2081 1883 2413 1951 totidemque
2432 1886 2679 1951 paratum

1549 1991 1765 2087 parcere,
1810 2040 1878 2065 =
1926 2019 2090 2072 nimis
2140 2018 2451 2087 induique:
2506 2020 2678 2088 legem

1617 2086 1763 2140 datis
1787 2086 1928 2150 istie,
1964 2102 2089 2139 nam
2118 2087 2267 2140 uobis
2291 2088 2511 2155 parcitis
2546 2090 2678 2158 ipsis

1617 2154 1645 2207 Ι
1682 2154 1767 2219 30,
1808 2155 1888 2209 12.
1927 2158 1990 2207 tu
2013 2154 2120 2207 tibi
2155 2192 2168 2204 .
2189 2194 2202 2206 .
2233 2155 2292 2208 in
2317 2155 2530 2210 delictis
2556 2174 2678 2225 par-

1617 2238 1732 2276 cere
1768 2223 1878 2275 noli
1902 2222 1962 2276 11
1992 2224 2072 2287 12,
2099 2222 2182 2276 15.
2205 2252 2274 2263 -
2291 2244 2360 2270 =
2378 2225 2678 2279 abstinere:

1616 2293 1743 2344 uino
1778 2292 1986 2371 copioso
2021 2307 2175 2359 parce
2210 2291 2269 2345 II
2305 2292 2389 2355 22,
2425 2295 2459 2347 5

1547 2375 1708 2481 Ρ8ἷο18
1740 2357 1965 2481 1811111888
2016 2360 2189 2427 (dorsa
2224 2375 2320 2413 8118
2356 2360 2609 2427 allidunt)
2646 2362 2676 2415 I

1549 2507 1732 2563 parere
1754 2517 1823 2542 =
1857 2511 2171 2564 conparere,
2209 2511 2506 2563 apparere:
2545 2497 2602 2551 II
2627 2499 2676 2562 3,

1619 2566 1698 2620 15.
1765 2565 1843 2630 17,
1902 2565 1981 2619 11.
2028 2565 2113 2633 25,
2164 2565 2213 2619 8.
2268 2568 2330 2617 A.
2383 2565 2500 2618 279.
2560 2567 2678 2620 298.

1616 2634 1737 2686 474.
1772 2664 1840 2674 —-
1875 2655 1944 2680 =
1976 2634 2255 2687 subditam
2291 2649 2424 2687 esse:
2463 2635 2677 2688 Christo

1617 2703 1759 2755 sicut
1793 2702 2008 2755 Caesari
2081 2717 2193 2755 ares
2228 2701 2286 2754 ΙΙ
2324 2704 2405 2765 11,
2440 2703 2476 2755 4
2508 2732 2513 2738 ·

1548 2772 1750 2838 pariter
1783 2792 1855 2816 =
1888 2771 2009 2824 nna
2108 2771 2192 2834 41,
2231 2770 2315 2823 20.
2354 2769 2414 2823 II
2450 2771 2500 2834 2,
2526 2771 2574 2823 6.
2610 2771 2678 2822 A.

1619 2839 1739 2891 799.
1775 2839 1890 2896 939.
1931 2839 2033 2891 978
2556 2885 2559 2888 ,

1548 2906 1818 3029 pax-mgr&
1858 2922 2071 2959 suorum
2124 2905 2152 2959 I
2188 2907 2238 2972 6,
2286 2906 2370 2958 25.
2416 2921 2466 2973 p.
2505 2904 2678 2972 patris

1549 3060 1700 3112 pars:
1746 3059 1808 3097 ex
1857 3042 1966 3097 alia
2001 3046 2151 3111 parte
2185 3064 2255 3089 =
2289 3047 2498 3106 contra,
2536 3037 2607 3093 αὖ
2644 3041 2675 3095 Ῑ

1614 3112 1699 3176 22,
1740 3115 1820 3165 11.
1861 3141 1923 3152 -
1960 3115 2115 3165 erant
2150 3113 2206 3164 in
2242 3114 2393 3179 parte
2418 3111 2585 3178 legati
2607 3132 2678 3156 =

1609 3181 1920 3248 participes
1942 3181 2122 3249 leyati,
2158 3179 2380 3234 heredes
2416 3195 2485 3231 ex
2512 3184 2679 3246 parte

1616 3253 1683 3303 A.
1718 3249 1839 3302 740.
1861 3276 1928 3289 -
1951 3270 2017 3296 =
2043 3249 2245 3311 στάσις,
2284 3247 2514 3315 αἳρεσιςε
2539 3247 2678 3300 alius

1616 3319 1673 3371 in
1710 3320 1862 3385 parte
1897 3317 2100 3371 secedit
2136 3316 2194 3370 II
2235 3317 2314 3380 11,
2357 3315 2407 3368 2.
2454 3316 2676 3369 subdola

1616 3403 1746 3454 gens
1782 3426 1827 3437 ..
1862 3386 2014 3439 tollit
2061 3401 2116 3439 88
2163 3386 2218 3438 111
2255 3387 2406 3452 parte
2441 3383 2469 3437 I
2505 3384 2590 3449 28,
2624 3383 2676 3439 4.

1612 3455 1825 3520 (Lucis.
1871 3454 2052 3508 Calor.
2092 3471 2149 3522 p.
2186 3456 2313 3517 122,
2363 3455 2400 3505 3
2443 3452 2561 3519 H.).
2610 3481 2675 3491 —

1613 3543 1683 3643 ἶ
1714 3523 1870 3644 ἷορέιέ
1886 3543 1898 3576 :
1933 3524 1990 3575 in
2024 3527 2232 3591 partem
2257 3521 2450 3574 Boreae
2473 3520 2676 3587 refugit

1747 3630 1759 3655 2

1544 3660 1809 3726 particeps
1845 3681 1911 3705 =
1947 3660 2121 3712 sociae
2157 3660 2220 3712 A.
2257 3658 2374 3711 697.
2411 3656 2514 3710 871

1539 3728 1902 3795 participium
1930 3743 2036 3794 pro
2070 3728 2237 3781 aerbo
2259 3726 2416 3793 finito
2429 3745 2447 3776 .-
2481 3724 2573 3777 sed
2598 3723 2674 3777 810

1612 3797 1769 3863 quasi
1841 3796 2055 3849 besteus
2112 3810 2292 3849 errans
2345 3793 2375 3847 Ῑ
2429 3792 2525 3856 34,
2586 3792 2669 3844 17.

1614 3866 1834 3916 1181111118
1868 3865 2050 3917 tamen
2132 3863 2273 3916 entis
2299 3861 2479 3914 media
2505 3861 2674 3928 parti-

1611 3935 1773 4000 taque
1808 3948 2024 3985 seruans
2061 3931 2088 3984 I
2154 3931 2204 3995 2,
2230 3931 2313 3984 16.
2337 3930 2577 3982 laxantes
2601 3928 2674 3998 (P)

1612 4000 1829 4069 singula
1887 4000 2041 4053 uobis
2095 4000 2154 4054 ΙΙ
2212 4000 2292 4062 16,
2347 3999 2400 4050 2.
2456 4012 2671 4050 1111811111

1611 4069 1861 4121 uiuentes
1885 4070 1943 4122 in
1966 4084 2094 4122 aeuo
2118 4067 2178 4122 ΙΙ
2203 4069 2286 4131 39,
2316 4067 2396 4121 14.
2439 4068 2495 4118 et
2515 4082 2674 4145 nemo

1611 4137 1816 4190 sciebat
1874 4137 2170 4190 Dominum
2224 4136 2529 4204 passimque
2587 4150 2672 4186 111-

1610 4209 1800 4259 uentes
1836 4206 1900 4260 A.
1923 4206 2009 4260 46.
2045 4206 2101 4258 in
2138 4206 2331 4258 scelere
2354 4204 2529 4269 coepit
2552 4218 2673 4255 uer-

1610 4274 1724 4327 sari
1778 4290 1907 4343 gens
1953 4273 2126 4327 01111118
2172 4273 2408 4326 humana
2455 4285 2550 4322 nec
2590 4286 2672 4322 re·

1612 4342 1918 4410 spicientes,
1955 4344 2075 4411 quis
2101 4346 2239 4395 esset
2263 4341 2466 4395 creator
2489 4353 2671 4391 eorum

1611 4412 1675 4463 A.
1717 4412 1816 4465 158
1862 4427 1939 4479 sq.
1988 4410 2079 4479 qui
2132 4410 2324 4464 scelere
2376 4406 2520 4461 facto
2564 4422 2675 4460 non
