3290 5187
2606 492 2708 540 VII

537 663 828 729 Ceterum
858 658 1291 725 Commodiani
1336 659 1743 741 profanarum
1789 660 2145 727 litterarum
2189 662 2396 727 studia
2442 681 2562 727 non
2600 661 2709 742 eie,

451 784 602 850 quos
649 764 1166 841 memorauimus,
1237 762 1647 844 scriptoribus
1694 783 1758 827 se
1804 762 2262 829 continuerunt.
2354 763 2710 831 Ciceronem

451 888 724 953 quoque,
796 867 1112 949 Ouidium,
1161 865 1515 946 Tibullum,
1579 866 1737 930 alios
1793 866 2111 932 interdum
2158 868 2405 933 uidetur
2458 871 2728 935 secutus
2792 898 2797 903 ·

449 992 614 1051 esse3
663 988 774 1056 ego
806 989 951 1036 uero
983 988 1124 1034 cum
1157 970 1223 1033 et
1251 970 1549 1053 temporis
1583 969 1891 1052 angustiis
1920 971 1984 1034 et
2013 970 2245 1035 uirium
2283 972 2711 1039 mediocritate

448 1075 773 1157 impediar,
821 1050 964 1140 afiis
1008 1092 1141 1137 rem
1187 1073 1536 1136 accuratius
1583 1072 1974 1139 tractandam
2019 1074 2328 1157 relinquo;
2392 1076 2499 1158 qui
2544 1076 2598 1142 si
2642 1078 2710 1141 in

448 1177 874 1244 Commodiani
920 1176 1300 1242 carminibus
1346 1194 1529 1240 suum
1576 1176 1795 1258 cuique
1842 1177 2099 1242 reddere
2132 1179 2538 1262 conabuntur,
2587 1198 2708 1245 non

449 1283 650 1346 multo
696 1281 1022 1364 angustior
1069 1281 1155 1344 eis
1201 1298 1458 1361 campus
1504 1280 1749 1361 patebit
1807 1298 1992 1363 quam
2049 1281 2114 1345 in
2155 1281 2493 1347 Ammiano
2539 1285 2710 1351 Mar-

450 1385 701 1450 cellin0.

976 1557 1087 1626 De
1136 1555 1523 1627 codicibus
1568 1555 2179 1628 instructionum.

533 1693 968 1776 Baluzio¹⁸)
1015 1692 1071 1756 si
1116 1690 1271 1756 fides
1326 1692 1609 1758 habenda
1664 1696 1785 1777 est,
1855 1695 2180 1760 Iacobus
2249 1694 3134 1799 Sirmouduscg{·ss¹²{33};¹g„¹¹·

446 1799 900 1883 apographum,
970 1814 1088 1879 quo
1156 1794 1573 1881 Rigaltius
1639 1801 1856 1878 postea
1922 1816 2070 1863 usus
2130 1802 2253 1877 est,
2329 1819 2403 1864 ex
2458 1804 2704 1865 uetusto
2892 1768 2919 1806 Ρ
3091 1788 3104 1798 ’

447 1904 651 1968 codice
699 1903 1129 1969 Andecauensi
1174 1903 1309 1984 ipse
1357 1901 1784 1983 descripserat.
1859 1898 2042 1966 Hunc
2091 1902 2364 1966 codicem
2410 1921 2533 1967 non
2577 1904 2704 1968 iam

444 2022 797 2086 comparere
854 2007 1236 2070 Ernestus
1293 2004 1637 2086 Ludwig,
1699 2004 2074 2068 nouissimae
2121 2001 2412 2069 editionis
2469 2009 2702 2085 auctor,

445 2126 483 2171 a
525 2108 1043 2191 Lemarchandio‚
1112 2108 1531 2174 bibliothecae
1576 2106 2041 2171 Andecauensis
2087 2108 2411 2189 praefecto,
2470 2108 2703 2173 litteris

446 2212 674 2276 certior
718 2213 923 2277 factus
971 2217 1085 2276 est.
1154 2213 1242 2276 Eo
1288 2212 1488 2290 magis
1530 2229 1747 2293 operae
1784 2211 2055 2293 pretium
2102 2215 2195 2275 est
2243 2214 2525 2276 accurate
2572 2213 2702 2276 col-

436 2315 657 2399 ligere,
705 2316 759 2379 si
806 2315 952 2397 quid
997 2315 1277 2379 homines
1309 2315 1522 2379 doctos
1566 2315 1713 2379 inde
1742 2315 2137 2395 exscripsisse
2183 2318 2289 2379 aut
2321 2317 2564 2379 certum
2594 2314 2704 2379 aut

443 2418 788 2483 uerisimile
844 2423 969 2497 est,
1034 2417 1404 2500 praesertim
1450 2434 1593 2482 cum
1640 2416 1837 2482 etiam
1892 2415 2316 2499 apographum
2361 2416 2521 2482 illud
2569 2414 2701 2481 Sir·

441 2523 845 2587 mondianum
902 2520 980 2587 ad
1031 2521 1193 2587 hanc
1239 2522 1510 2585 aetatem
1556 2539 1678 2585 non
1725 2519 2010 2585 uideatur
2056 2523 2429 2604 peruenisse.

528 2644 607 2708 Et
651 2644 891 2727 primus
938 2643 1071 2724 ipse
1120 2642 1601 2721 SirmonduS,
1674 2646 1744 2707 ut
1804 2661 1991 2724 supra
2050 2642 2563 2725 memorauimus,
2635 2643 2698 2706 in

442 2748 713 2812 editione
747 2746 1036 2825 Ennodii,
1084 2747 1303 2812 deinde
1351 2746 1769 2813 Gilbertus
1805 2746 2270 2812 Gaulminus
2316 2747 2380 2810 in
2428 2747 2699 2812 editione

440 2852 754 2916 Eustathii
800 2851 1139 2933 particulas
1186 2854 1489 2933 quasdam
1542 2850 2030 2915 instructionum
2089 2851 2475 2933 attulerunt,
2544 2868 2698 2933 quae

441 2958 547 3019 aut
596 2974 667 3019 ex
713 2955 846 3037 ipso
891 2955 1002 3019 illo
1060 2953 1267 3018 codice
1327 2956 1577 3018 uetusto
1622 2956 1731 3017 aut
1778 2972 1848 3017 ex
1894 2954 2246 3037 apographo
2294 2972 2330 3017 a
2375 2952 2696 3019 Sirmondo

442 3060 673 3140 scripto
742 3059 1035 3122 uidentur
1100 3057 1367 3121 fluxisse.
1460 3056 1870 3139 Rigaltius
1933 3057 2142 3121 autem
2213 3057 2695 3123 instructionum

439 3165 621 3225 uetus
670 3162 982 3242 exemplar
1026 3161 1266 3225 nullum
1315 3179 1379 3224 se
1427 3158 1679 3238 uidisse,
1728 3159 1838 3224 sed
1884 3162 2235 3243 apographo
2279 3162 2527 3225 tantum
2564 3160 2696 3225 Sir-

438 3264 768 3329 mondiano
826 3264 891 3327 in
948 3265 1216 3328 editione
1274 3264 1545 3327 curanda
1603 3281 1789 3327 usum
1844 3281 1972 3327 esse
2025 3266 2088 3328 in
2134 3264 2518 3347 praefatione
2563 3264 2696 3348 ipse

437 3369 694 3433 fatetur.

524 3491 612 3555 At
658 3489 1036 3553 Baluzius
1083 3488 1383 3553 lectiones
1433 3507 1502 3551 ex
1548 3488 1682 3570 ipso
1730 3486 1937 3552 codice
1967 3489 2394 3552 Andecauensi
2440 3489 2692 3553 haustas

437 3593 836 3676 conpluribus
892 3610 1146 3675 operum
1205 3609 1456 3657 suorum
1515 3591 1668 3655 locis
1725 3611 1848 3656 non
1895 3591 1988 3655 ita
2030 3610 2259 3672 paucas
2304 3592 2527 3657 adfert.
2604 3593 2693 3656 Ea

438 3698 514 3761 de
557 3716 625 3760 re
671 3696 924 3761 uberius
984 3696 1082 3779 egi
1128 3695 1192 3759 in
1237 3697 1482 3761 Blatter
1528 3694 1572 3759 f.
1621 3696 1681 3758 d.
1728 3694 1938 3778 bayer.
1988 3695 2213 3781 Gymn.
2262 3696 2414 3760 XVI
2457 3715 2517 3778 p.
2567 3696 2687 3760 341

436 3817 465 3861 s
554 3849 569 3863 .
601 3797 695 3861 ¹⁴.

471 3813 956 3983 qssagauinus
1002 3936 1244 4000 quoque
1292 3915 1726 3982 Commodiani
1773 3921 1986 3993 codex,
2059 3935 2243 3998 quem
2289 3917 2690 3983 Montfaucon
2727 3921 2826 3962 θοὰ·
2855 3921 3094 3965 Paminus

433 4021 500 4088 in
547 4021 698 4086 bibl.
733 4021 887 4085 bibl.
938 4026 1086 4085 tom.
1134 4023 1168 4086 Ι
1212 4020 1369 4085 487²
1412 4020 1501 4085 sic
1546 4021 1862 4104 designat:
1919 4019 2020 4084 ‘ex
2064 4022 2319 4086 Musaeo
2364 4022 2688 4087 Laurentii
2778 3973 3043 4024 depeream,

522 4241 584 4308 ¹³)
620 4242 746 4296 Not.
785 4243 841 4295 in
878 4241 1123 4295 Lactant.
1160 4242 1223 4296 de
1260 4246 1415 4297 mort.
1454 4247 1709 4311 persecut.
1756 4260 1799 4297 c.
1851 4245 1940 4309 113
1994 4243 2151 4312 Cypr.
2203 4244 2283 4297 ed.
2338 4244 2510 4297 Paris,
2563 4261 2686 4298 ann.

433 4327 569 4381 1726
605 4344 656 4395 p.
689 4327 809 4381 453.

523 4413 580 4480 ¹¹)
618 4412 699 4467 cf.
740 4412 1235 4482 Sitzungsberichte
1272 4414 1423 4469 CVII
1457 4431 1508 4484 p.
1548 4415 1648 4469 733
1683 4430 1797 4483 sqq.
