3290 5187
569 446 696 513 242

642 631 671 686 Ι
706 630 799 696 30,
850 630 930 683 14.
970 657 1032 668 -
1082 629 1338 682 si..non
1374 650 1442 675 ==
1476 629 1612 683 nisi:
1651 628 1699 681 si

641 700 789 769 prius
836 714 942 752 non
992 697 1047 751 di
1091 698 1230 751 ‘tum
1265 696 1457 750 misero
1496 701 1559 752 A.
1597 696 1698 751 557

575 767 654 822 εἰσ
707 789 774 815 =
831 773 969 823 tum:
1067 781 1095 820 e
1153 765 1333 820 labore
1391 768 1486 818 tuo
1546 766 1701 831 dona,

641 836 844 890 nudum
883 835 1049 889 nesti:
1094 834 1170 887 sic
1204 833 1357 887 uiues
1394 834 1455 887 11
1492 834 1574 899 22,
1617 834 1701 890 12.

643 907 709 958 tu
746 941 759 956 .
780 943 794 957 .
829 904 876 958 si
929 904 1105 957 nudus
1182 902 1468 957 benefactis
1527 903 1703 955 Deum

643 974 841 1036 adores,
868 974 927 1025 in
945 975 1122 1026 totum
1149 987 1217 1024 ne
1239 970 1408 1025 facias
1433 971 1509 1024 sic
1535 971 1703 1024 oreti-

643 1056 798 1095 onem
849 1041 910 1096 11
962 1041 1047 1107 38,
1107 1041 1140 1095 5
1197 1055 1276 1108 sq.
1334 1039 1498 1093 immo
1557 1039 1705 1106 prius

645 1113 888 1178 quaerat,
934 1110 1028 1163 ubi
1065 1109 1140 1163 sit
1175 1125 1275 1162 sua
1310 1109 1425 1161 uita.
1461 1106 1704 1162 redacta!

648 1179 725 1232 sic
744 1178 907 1232 fuerit
922 1178 1131 1246 sapiens
1149 1178 1214 1232 A.
1232 1177 1329 1230 591
1354 1191 1433 1243 sq.
1456 1175 1705 1229 immolat

648 1247 745 1300 hos
780 1247 1018 1309 primum
1053 1249 1109 1299 et
1133 1245 1208 1298 sic
1230 1246 1298 1298 ad
1323 1244 1573 1298 ecclesias
1597 1244 1707 1298 exit

646 1317 711 1370 A.
748 1317 868 1372 858.
912 1313 1248 1367 -εἰσ..εἰ
1286 1338 1347 1357 ι-
1386 1315 1707 1393 nonmaqis

649 1400 841 1452 quam:
896 1385 943 1437 εἰ
997 1385 1258 1451 martyres
1310 1381 1511 1447 feceris,
1564 1381 1707 1435 filios

651 1454 727 1506 sic
762 1467 890 1506 uoce
924 1451 1144 1505 deflebis
1179 1450 1238 1505 11
1271 1450 1355 1512 32,
1392 1450 1441 1505 6.
1493 1450 1540 1503 εἰ
1576 1451 1708 1504 false

651 1520 717 1580 de
736 1520 868 1589 ipsis
887 1521 1244 1590 pronuntiant
1264 1519 1476 1586 perdere
1494 1521 1708 1579 terram,

632 1618 676 1641 -.
700 1628 711 1641 .
738 1591 818 1643 εἰσ
852 1589 996 1643 erint
1030 1592 1087 1641 et
1122 1588 1260 1640 falsa
1297 1586 1360 1640 de
1383 1587 1480 1640 illo
1516 1589 1579 1640 A.
1605 1587 1710 1642 394

655 1673 1054 1789 zie-:nem
1078 1656 1710 1805 mamm?

652 1794 683 1848 I
716 1794 771 1860 4,
810 1796 858 1848 6.
905 1795 1130 1847 uulnera
1178 1809 1281 1846 non
1319 1798 1508 1860 parent
1544 1796 1599 1846 et
1633 1810 1710 1847 εισ

652 1863 767 1917 sine
802 1863 954 1917 caede
991 1863 1183 1916 ruistis
1220 1862 1280 1917 11
1314 1863 1399 1926 25,
1437 1863 1487 1915 8.
1529 1883 1596 1908 =
1631 1867 1710 1915 to-
1764 1892 1769 1897 -

652 1930 846 1988 tidem:
895 1947 987 2000 per
1031 1930 1306 1984 duodecim
1341 1930 1495 1984 milia
1533 1929 1713 1984 stadia.

653 1999 782 2066 lata,
819 2000 997 2067 longa,
1039 1999 1116 2052 εἰσ
1152 2000 1266 2053 alta.
1299 1998 1359 2052 ΙΙ
1394 1999 1444 2063 3,
1485 1999 1549 2052 16

586 2068 859 2191 sicAet29=
879 2074 932 2123 et
960 2106 974 2120 .
995 2108 1007 2120 .
1036 2074 1105 2122 et:
1135 2068 1274 2121 altos
1300 2068 1377 2121 sic
1401 2071 1458 2121 et
1482 2066 1714 2121 humiles

588 2205 665 2258 sic
694 2242 741 2258 ..
770 2208 925 2273 quasi
960 2226 1029 2253 =
1062 2206 1233 2271 sicut3
1269 2205 1337 2271 ef.
1412 2205 1528 2258 uasi

589 2274 818 2327 siccatus
855 2273 1054 2328 fluuius
1092 2277 1155 2328 A.
1192 2274 1309 2327 905.
1416 2273 1450 2327 0

588 2341 838 2410 sigillum
876 2365 940 2389 =
977 2343 1328 2396 simulacrum
1363 2341 1392 2395 Ι
1429 2343 1511 2406 18,
1541 2341 1620 2394 18.
1645 2370 1716 2380 —-

658 2411 842 2477 sigilla
876 2411 961 2463 bis
997 2427 1121 2464 sena
1142 2433 1212 2458 =
1236 2411 1496 2465 zodiacus
1521 2410 1547 2463 1
1573 2410 1621 2473 7,
1652 2409 1716 2462 14

591 2477 832 2546 signare:
855 2479 1037 2533 Helias
1057 2480 1238 2534 ueniet
1262 2481 1408 2547 prius
1426 2481 1481 2531 et
1498 2480 1714 2557 signare

660 2547 883 2602 dilectos
935 2548 964 2603 Ι
1015 2549 1101 2616 41,
1153 2548 1205 2602 8.
1264 2544 1478 2620 (signo)
1532 2549 1716 2616 signat

659 2617 913 2684 populum
948 2617 1004 2671 in
1041 2619 1258 2671 nomine
1294 2617 1500 2671 Christi
1525 2620 1589 2671 A.
1613 2614 1717 2670 840

593 2685 840 2752 signum:
889 2687 945 2739 in
991 2685 1147 2739 illum
1186 2686 1474 2755 sperabunt
1510 2689 1712 2753 gentes,

662 2754 814 2807 cuius
850 2755 1006 2823 signo
1041 2758 1266 2808 tuentur
1303 2757 1368 2808 A.
1403 2754 1522 2807 292.
1556 2782 1627 2793 —
1651 2776 1714 2800 =

667 2826 852 2890 typus,
887 2824 1087 2892 imayo:
1126 2840 1287 2893 quam
1325 2822 1518 2890 (Liam)
1557 2821 1717 2876 Iacob

668 2890 734 2991 Ξ
765 2891 1336 3014 ‘mmmmm’
1372 2893 1530 3028 3523}
1561 2891 1721 3013 Βέἕὲῑῑ

663 3026 692 3081 1
725 3027 811 3091 41,
859 3028 939 3083 16.
987 3029 1051 3082 A.
1098 3029 1218 3083 929.
1260 3058 1330 3068 -
1377 3051 1442 3075 =
1478 3028 1718 3082 indicia:

662 3095 833 3149 multa
866 3133 912 3147 ..
943 3096 1098 3162 signa
1133 3096 1263 3150 fient
1285 3099 1472 3151 tantae
1495 3096 1718 3149 termini

664 3165 805 3230 pesti
840 3166 903 3217 A.
938 3163 1041 3217 807

596 3231 817 3284 silentia
836 3253 903 3279 =
921 3233 1229 3287 silentium.-
1254 3236 1319 3287 ut
1341 3234 1476 3288 fiant
1502 3232 1721 3286 silentia

664 3301 844 3352 uestra
878 3299 934 3354 H
967 3300 1051 3365 35,
1091 3302 1155 3354 15

596 3365 738 3421 sil'ua
755 3389 822 3413 =
838 3369 960 3422 uita
976 3369 1249 3423 indomita
1265 3371 1543 3424 hominum
1562 3375 1724 3423 extra

668 3436 944 3490 ecclesiam
1013 3439 1386 3492 uersantium:
1455 3440 1512 3491 in
1585 3439 1725 3491 silua

665 3520 879 3558 manere
914 3506 1142 3573 quaerite,
1179 3507 1272 3560 ubi
1309 3507 1449 3560 latro
1484 3509 1724 3561 moratur

667 3572 696 3626 Ι
747 3573 833 3637 25,
882 3573 929 3627 3.
977 3574 1034 3627 in
1083 3575 1221 3629 silua
1256 3576 1374 3644 lupi
1411 3582 1539 3629 sunt
1574 3577 1603 3632 1
1637 3576 1724 3640 33,

667 3642 717 3761 Ξ.
756 3641 916 3764 ιέὃὲὺί
948 3682 992 3695 ..
1023 3644 1305 3712 rapiuntur
1354 3644 1548 3699 saeculi
1585 3643 1726 3699 silua

600 3779 868 3832 siluestris
899 3819 945 3831 ..
974 3783 1116 3834 tauri
1140 3803 1210 3828 =
1232 3782 1476 3835 homines
1508 3782 1727 3835 saeculo

669 3847 1016 3902 inhaerentes
1067 3850 1094 3902 1
1148 3850 1233 3913 33,
1293 3851 1343 3904 5.
1406 3850 1501 3913 (In
1555 3852 1726 3904 inter-

661 3917 977 3983 pretatione
1021 3918 1297 3972 Palatina
1340 3919 1531 3974 Herm.
1569 3919 1724 3973 Past.

668 3985 788 4037 eim.
828 3984 929 4038 IX
960 3988 1054 4050 26,
1090 3989 1132 4040 2
1166 3986 1401 4041 siluatici
1426 3986 1727 4055 dicuntur.)

602 4052 865 4106 similare:
913 4070 1006 4107 cur
1040 4070 1137 4108 nos
1173 4055 1466 4109 similemus
1502 4055 1568 4109 ad
1602 4056 1728 4109 illas

670 4121 756 4187 (·=
795 4120 925 4189 illis)
961 4125 1029 4174 A.
1062 4123 1132 4177 36

601 4188 825 4310 meze
838 4191 1730 4327 mmmmm:

670 4326 764 4394 qni
823 4325 1116 4394 simplicem
1170 4329 1355 4394 fingis,
1415 4329 1731 4397 simpliciter

670 4394 793 4447 uiue
830 4410 950 4448 cum
985 4396 1090 4449 isto
1128 4396 1156 4451 1
1192 4396 1276 4461 23,
1313 4397 1346 4450 6

1642 441 1849 495 Index

1787 627 1872 681 sin
1908 629 2103 691 autem,
2143 627 2229 682 sin
2265 643 2387 681 uero
2423 650 2491 674 =
2526 627 2575 680 εἰ
2599 624 2657 680 δὲ
2681 629 2753 697 μή
2780 629 2808 684 1
2831 629 2916 695 32,

1856 697 1937 750 10.
1994 699 2057 749 A.
2092 696 2194 749 878
2243 696 2337 766 (ef.
2375 697 2716 765 Roenseh,
2755 698 2832 752 It.
2868 704 2919 753 et

1864 764 2021 834 Vulq.
2056 781 2110 833 p.
2152 767 2283 828 406)

1789 835 1928 888 sine:
1964 837 2029 886 ut
2064 848 2233 902 genus
2268 833 2369 887 hoc
2405 832 2676 887 hominum
2716 835 2919 888 faciant

1861 903 1975 955 sine
2012 904 2224 955 nomine
2261 901 2469 955 Christi
2507 904 2746 967 (nomine
2787 904 2915 960 chr.

1852 971 2106 1039 priuare)
2142 971 2207 1023 A.
2243 969 2349 1025 874
2862 992 2863 995 ¹

1762 1078 1769 1091 s
1791 1038 2081 1108 singularis
2116 1060 2185 1085 =
2219 1038 2399 1093 uidua
2434 1039 2490 1092 II
2525 1040 2611 1105 31,
2651 1042 2712 1094 15

1792 1109 2015 1230 sinligtra
2052 1130 2116 1155 ---.
2153 1108 2377 1172 iniusta,
2418 1124 2689 1174 peruersa
2736 1109 2793 1164 11
2838 1111 2920 1174 19,

1793 1244 1974 1367 :3232
1993 1259 2144 1366 titi}
2177 1260 2268 1366 ¹22⁸
2301 1244 2459 1380 {1133}
2494 1246 2735 1367 hiuma.
2772 1315 2801 1370 1
2830 1314 2918 1379 βο,

1860 1383 1896 1436 4
1931 1398 2037 1451 sq.;
2073 1381 2143 1447 cf.
2181 1388 2458 1436 comment.

1795 1450 2016 1573 1³o‹};³.5lis2
2016 1466 2071 1573 ὅ
2109 1450 2253 1505 dat...-
2300 1452 2452 1503 eritis
2492 1450 2603 1505 Deo
2644 1450 2855 1506 sodales
2892 1453 2919 1506 Ι

1799 1589 2083 1643 sollemnis
2118 1592 2302 1642 sancta
2340 1592 2403 1642 A.
2443 1587 2547 1640 424

1796 1656 2088 1711 sollicitum
2142 1671 2254 1710 esse
2304 1676 2376 1703 =
2427 1671 2655 1710 curare.-
2710 1660 2772 1709 ut
2829 1659 2921 1711 tuo

1865 1724 2161 1794 praeposito
2188 1724 2409 1778 cottidie
2434 1726 2644 1792 praesto
2684 1725 2757 1777 sis
2781 1728 2921 1789 ante,

1866 1793 2130 1848 sollicitus
2154 1796 2264 1846 esto
2286 1793 2347 1848 11
2373 1794 2454 1858 12,
2479 1793 2513 1846 8
2532 1808 2606 1860 sq.
2633 1792 2697 1847 de
2722 1793 2923 1847 funeris

1866 1877 2058 1984 ῗῗιιὲἐα
2089 1861 2370 1983 1sollicitus
2416 1876 2528 1914 esse
2579 1861 2671 1930 qui
2710 1863 2921 1929 quaeris

1799 1998 2002 2053 soluere
2029 2037 2042 2051 .
2065 2034 2078 2045 .
2104 2000 2159 2051 in
2198 1999 2415 2052 uascula
2438 2020 2506 2045 =
2536 1999 2825 2066 conflando
2862 2000 2921 2053 in

1866 2067 2097 2122 uascula
2131 2072 2454 2146 conuertere
2488 2066 2636 2147 120,
2680 2069 2710 2121 7

1801 2152 2039 2259 ἓὲιῗῖῗὲἷῃ
2060 2135 2693 2258 ιιοέἷῦοΑὲοἷῖῗιίὲωξῗὲε
2731 2204 2825 2271 (cf.
2861 2207 2924 2258 A.

1870 2274 1972 2327 598
2008 2275 2203 2326 tonant
2228 2277 2354 2340 ore).
2394 2288 2603 2326 eramen
2632 2288 2834 2327 sonans
2871 2274 2931 2329 11

1868 2343 1918 2407 9,
1958 2342 2022 2395 19
2060 2341 2221 2410 (bibl.)

1802 2413 1997 2479 sopire:
2052 2410 2206 2463 corde
2255 2426 2311 2465 εο
2350 2410 2419 2464 iti
2472 2411 2535 2464 A.
2594 2411 2672 2465 16.
2728 2412 2929 2479 optima

1871 2479 2044 2602 (Ιῗιιέἔ)
2080 2478 2218 2601 15nihi
2257 2481 2307 2533 bi
2348 2495 2433 2534 ere
2470 2483 2524 2533 et
2560 2479 2719 2533 corda
2757 2480 2928 2549 sopire

1804 2586 2044 2671 sorberet,
2099 2615 2333 2685 lapidem
2402 2633 2498 2686 pro
2556 2617 2671 2671 filio
2732 2617 2932 2686 sorpsit

1873 2686 2181 2755 (Saturnus)
2217 2685 2246 2738 Ι
2278 2686 2329 2751 4,
2354 2686 2385 2738 7

1806 2753 2008 2876 εοιὲᾶίἓε
2044 2753 2195 2807 sorde
2207 2756 2276 2821 (‘?)
2314 2755 2597 2808 manifesta
2631 2754 2820 2808 deflere
2871 2754 2930 2809 11

1908 2861 1922 2888 2

1806 2907 1946 2946 sors:
1979 2894 2035 2944 et
2060 2891 2114 2943 in
2140 2890 2482 2945 uestimentis
2509 2891 2639 2944 meis
2667 2929 2680 2942 .
2702 2931 2711 2944 .
2734 2893 2932 2944 sortem

1874 2960 2137 3013 miserunt
2173 2960 2238 3012 A.
2272 2960 2376 3013 419
2413 2960 2582 3028 (bibl.)

1808 3028 2096 3095 sortilegus
2132 3027 2161 3080 Ι
2201 3029 2265 3081 11
2302 3029 2467 3082 inser.

1812 3096 2036 3167 spatiari
2073 3117 2142 3142 =
2174 3097 2375 3166 uayari
2410 3100 2473 3151 A.
2509 3098 2543 3150 3

1809 3166 2003 3235 species
2037 3185 2107 3211 =
2136 3165 2495 3233 pulchritudo
2529 3166 2558 3219 Ι
2595 3167 2678 3228 11,
2717 3166 2782 3219 10

1810 3234 2045 3302 spelaea:
2102 3247 2278 3287 errare
2314 3271 2360 3286 ..
2394 3250 2486 3302 per
2538 3235 2749 3302 spelaea
2763 3235 2934 3357 1ssspe-

1876 3302 2035 3356 lunce
2071 3303 2142 3369 0)
2178 3300 2411 3355 ferarum
2448 3302 2506 3356 II
2548 3303 2626 3369 11,
2664 3304 2697 3357 9
2729 3302 2750 3368 (
2807 3305 2939 3372 erq.)

1811 3385 2051 3440 speraret
2110 3370 2238 3424 haec
2291 3371 2552 3451 speranda
2604 3371 2762 3425 nobis
2819 3387 2938 3440 spes

1879 3439 1962 3492 est
2014 3440 2078 3493 A.
2132 3439 2252 3493 303.
2316 3456 2372 3493 ιιι
2429 3440 2588 3493 illum
2646 3440 2936 3508 sperabunt

1880 3509 2068 3576 gentes
2105 3510 2168 3561 A.
2203 3507 2307 3560 292
2366 3508 2529 3578 bibl).

1812 3592 2056 3644 spernere
2089 3597 2159 3622 =
2192 3592 2293 3644 rep
2374 3577 2524 3631 iare.-
2572 3579 2700 3630 sunt
2735 3593 2940 3646 semper

1883 3644 2051 3712 spreti
2087 3644 2295 3708 (Iudaei
2332 3661 2363 3698 a
2396 3645 2530 3710 Deo)
2566 3648 2632 3700 A.
2667 3647 2772 3701 395

1814 3728 1934 3782 spes
1986 3713 2227 3781 gentium
2281 3713 2346 3766 A.
2397 3713 2500 3768 392
2561 3714 2752 3782 (bibl).
2824 3730 2942 3784 spes

1884 3781 2162 3835 fortunata
2212 3797 2501 3835 rursum..
2534 3784 2755 3837 uiuendi
2809 3783 2838 3838 Ι
2890 3785 2941 3847 2,

1887 3850 1969 3903 12.
2007 3849 2101 3903 ubi
2125 3851 2200 3903 sit
2224 3866 2340 3918 spes
2363 3851 2512 3904 uitae
2534 3852 2780 3931 ponenda
2803 3852 2833 3907 Ι
2856 3853 2942 3918 25,

1885 3919 1968 3972 21.
2006 3921 2071 3971 A.
2106 3920 2191 3973 58.
2247 3935 2394 3987 spem
2431 3919 2581 3973 subit
2616 3921 2839 3974 alterius
2873 3941 2944 3967 =-

1885 4003 2109 4041 causam
2147 3988 2378 4042 alterius
2401 3987 2806 4053 defendendam
2823 4004 2943 4044 eue-

1886 4056 2021 4123 cipit
2058 4060 2117 4109 A.
2153 4055 2270 4109 604.
2307 4085 2379 4098 -
2410 4078 2480 4102 =
2513 4057 2782 4122 felicitae.-
2816 4057 2944 4111 haec

1886 4124 2145 4191 speranda
2180 4125 2333 4178 nobis
2370 4139 2488 4194 spes
2513 4128 2594 4178 est
2621 4125 2943 4195 sempiterno

1887 4192 2110 4246 frunisci
2147 4195 2210 4245 A.
2247 4193 2367 4248 303.
2413 4192 2567 4246 nobis
2612 4209 2731 4262 spes
2769 4196 2852 4247 est
2887 4194 2944 4247 iu

1887 4262 2070 4314 futuro
2107 4262 2407 4328 quaerenda
2441 4263 2506 4316 A.
2540 4262 2644 4316 310

1820 4331 2040 4396 spiritus
2076 4330 2193 4382 aeui
2229 4353 2293 4377 ..-=
2320 4331 2512 4384 anima
2533 4330 2729 4385 mundi
2750 4330 2815 4383 A.
2844 4330 2947 4385 108

1821 4398 2083 4467 spiritalis
2118 4413 2285 4465 poena
2321 4402 2538 4454 aeterna.
2574 4398 2603 4453 Ι
2637 4399 2720 4463 29,
2759 4399 2824 4452 17
