3290 5187
2569 420 2651 464 XV

391 602 600 665 presso
667 602 1039 667 quamquam
1110 584 1473 650 simillimae
1539 585 1719 661 sunt,
1791 589 2004 650 tamen
2072 586 2149 650 ab
2211 604 2280 651 eo
2340 587 2652 653 interdum

392 685 721 768 differunt,
792 687 863 751 ut
907 689 1200 769 appareat
1248 687 1413 751 hunc
1459 704 1580 752 non
1626 708 1699 753 ex
1759 688 1911 771 ipsis
1971 689 2103 753 illis
2163 688 2331 753 notis
2385 689 2650 774 fluxisse,

393 792 500 855 sed
550 789 720 854 aliud
767 791 1017 872 aliquod
1062 791 1489 856 intercessisse
1535 791 1841 874 scriptum
1888 791 2217 874 exemplar,
2267 793 2428 874 quod
2471 794 2652 874 typo-

394 893 600 958 thetae
659 892 1095 974 sequebantur.
1174 893 1341 958 Aliis
1402 894 1557 959 locis
1619 894 2100 958 commentarius
2146 913 2333 959 manu
2380 895 2655 977 scriptus

393 996 560 1080 typis
606 997 882 1079 inpresso
927 996 1222 1078 prolixior
1266 1000 1383 1077 est,
1432 997 1576 1062 aliis
1624 997 1903 1072 breuior;
1953 998 2147 1063 nihilo
2196 1001 2409 1063 tamen
2455 1001 2652 1064 setius

391 1100 600 1165 uerbis
646 1100 849 1182 magis
894 1117 1082 1181 quam
1128 1100 1308 1165 rebus
1356 1101 1519 1164 inter
1563 1119 1626 1165 se
1677 1100 1995 1164 differunt.

478 1203 552 1267 In
594 1205 812 1268 textu
849 1221 1090 1286 quoque
1125 1203 1490 1285 exemplaris
1522 1203 1696 1268 illius
1727 1203 2047 1285 Rigaltius
2081 1205 2387 1285 quaedam
2417 1205 2653 1270 calamo

394 1305 687 1370 mutauit.
763 1306 994 1371 Earum
1042 1306 1463 1370 mutationum
1507 1305 1813 1370 maiorem
1845 1307 2089 1386 partem
2122 1306 2436 1372 Antonius
2468 1308 2651 1372 Kunz

393 1411 461 1475 in
507 1410 765 1475 alterius
809 1410 1099 1475 editionis
1144 1412 1391 1475 textum
1436 1429 1567 1475 esse
1613 1412 1931 1492 receptam
1994 1412 2205 1487 docet;
2277 1411 2447 1476 idem
2498 1428 2651 1475 non-

395 1513 599 1578 nullas
661 1512 931 1594 notauit,
1001 1531 1159 1594 quae
1210 1512 1277 1576 in
1342 1513 1541 1577 altera
1595 1513 1868 1579 editione
1928 1532 2050 1578 non
2111 1514 2439 1595 leguntur3
2509 1515 2656 1578 sunt

398 1620 612 1681 autem
644 1616 789 1681 hae:
835 1617 901 1680 II
931 1615 991 1699 4,
1024 1615 1066 1679 5
1097 1616 1376 1680 euitante
1401 1614 1481 1698 ⁹⁴)
1530 1634 1636 1698 pro
1668 1617 1935 1695 euitat65
1977 1616 2127 1684 ibid.
2159 1637 2220 1682 u.
2257 1618 2333 1681 11
2369 1621 2655 1699 mereunt

399 1720 516 1802 (sic
534 1722 608 1801 !);
656 1719 855 1804 1116,
894 1719 922 1781 1
974 1717 1139 1782 Sunt
1183 1737 1295 1799 pro
1342 1718 1449 1797 Sa·
1506 1719 1655 1783 ibid.
1688 1739 1746 1782 u.
1781 1718 1866 1783 24
1908 1718 2001 1782 Et
2043 1737 2153 1801 pro
2198 1719 2407 1798 Eum‚·
2453 1719 2653 1795 1121,

399 1824 480 1889 10
540 1822 867 1887 Vincimus
912 1872 927 1887 .
955 1872 970 1887 .
1007 1822 1117 1903 qui
1174 1841 1282 1905 pro
1344 1820 1625 1886 Vicimus
1661 1871 1719 1886 ..
1759 1841 1910 1903 qum
1979 1823 2047 1887 II
2103 1823 2206 1902 22,
2264 1822 2304 1887 3
2361 1822 2485 1887 illa
2544 1842 2652 1905 pro

394 1925 544 2005 mo,-
585 1926 737 1991 ibid.
770 1945 832 1989 u.
868 1924 909 1989 5
953 1924 1121 1990 illud
1150 1944 1257 2007 pro
1290 1925 1513 2004 illum;
1559 1944 1617 1989 u.
1652 1927 1688 1989 7
1720 1925 2038 2006 refuriam
2076 1926 2168 2009 (in
2199 1927 2506 2010 margine)
2541 1939 2651 2009 pro

392 2030 692 2112 furorem.
727 2064 811 2075 —-
853 2028 1023 2093 Haec
1067 2028 1134 2093 in
1184 2029 1631 2094 commentario
1680 2029 1897 2094 critico
1944 2046 2067 2094 non
2113 2032 2298 2095 debui
2342 2026 2651 2094 omittere.

482 2132 571 2196 Vt
616 2133 682 2196 in
730 2131 1069 2214 exemplari
1113 2131 1505 2197 Berolinensi
1551 2132 1811 2197 editioni
1858 2132 2072 2209 alteri,
2123 2132 2214 2196 ita
2258 2131 2323 2195 in
2368 2131 2655 2196 Parisino

399 2235 656 2301 editioni
700 2234 966 2318 principi
1014 2234 1250 2317 aliquot
1295 2234 1448 2299 folia
1506 2253 1707 2300 uacua
1756 2235 2089 2301 subiuncta
2149 2240 2329 2317 sunt,
2394 2235 2459 2298 in
2515 2235 2655 2316 qui-

397 2341 513 2406 bus
569 2338 883 2421 Rigaltius
944 2339 1273 2421 ampliores
1350 2340 1652 2422 quasdam
1714 2340 2148 2405 adnotationes
2206 2338 2271 2403 in
2330 2339 2654 2421 conplures

396 2444 886 2510 instructionum
931 2443 1097 2507 locos
1144 2444 1525 2527 conscripsit.
1591 2444 1691 2509 Ibi
1737 2445 1989 2510 crebrae
2022 2443 2431 2515 correctiones
2460 2444 2654 2524 ipsius

398 2546 657 2633 Rigaltii
703 2564 893 2611 manu
939 2545 1145 2612 factae
1191 2547 1547 2613 testimonio
1593 2551 1740 2613 sunt
1785 2548 1990 2632 illum,
2040 2566 2196 2631 quae
2243 2565 2453 2612 secum
2487 2564 2653 2612 com-

400 2652 825 2725 mentabatur,
889 2649 1165 2733 primum
1219 2652 1369 2716 tunc
1422 2651 1629 2718 uerbis
1679 2651 2048 2733 concepisse.
2127 2651 2357 2716 Earum
2402 2651 2656 2724 adnota-

399 2757 643 2822 tionum
688 2755 871 2821 initia
915 2755 1066 2821 haec
1113 2755 1291 2818 sunt:

1126 2855 1143 2879 ⁶
1159 2856 1364 2922 Obser.
1409 2856 1496 2920 ad
1540 2856 1737 2923 Instr.
1804 2856 1913 2921 VI.

404 2961 586 3027 CVR
625 2959 936 3027 ANNIS
972 2959 1459 3026 DVCENTIS
1502 2957 1991 3023 INFANTES
2024 2954 2440 3042 FVISTIS]
2485 2955 2658 3019 Huic

390 3066 708 3147 poematio
756 3064 1250 3130 Commodianus
1295 3062 1612 3143 impressit
1657 3058 1956 3143 uestigia’
2008 3061 2123 3125 etc.
2176 3098 2259 3109 —-
2316 3058 2656 3123 Finiuntur

403 3172 615 3233 autem
658 3168 803 3232 illae
846 3166 1012 3232 hunc
1054 3168 1120 3231 in
1166 3167 1449 3231 modum:
1488 3163 1839 3247 ‘Suprema
1869 3163 1969 3228 lex
2005 3162 2210 3229 Gazeo
2243 3166 2457 3226 nostro
2500 3161 2653 3242 fuit,

406 3270 630 3335 Nullis
674 3270 1035 3335 carminum
1081 3269 1316 3351 leyibus
1360 3267 1649 3350 obliyari.
1717 3264 2038 3333 Ceterum?

486 3372 661 3437 Haec
702 3391 889 3455 prope
932 3373 1010 3437 ad
1054 3372 1317 3437 uerbum
1362 3372 1756 3435 consentiunt
1810 3387 1966 3454 cum·
2002 3368 2128 3452 ῥὶς,
2199 3386 2353 3450 quae
2412 3368 2476 3431 in
2539 3368 2657 3431 fine

405 3477 777 3559 exemplaris
822 3474 1261 3557 Berolinensis‚
1307 3478 1376 3539 ut
1422 3491 1612 3555 supra
1657 3472 1746 3557 (p.
1779 3471 1999 3553 XIIII)
2051 3470 2657 3564 diximum-eleganti

406 3580 751 3663 scripturae
796 3580 997 3645 forma
1040 3578 1116 3643 ab
1166 3580 1379 3643 eodem
1423 3578 1703 3660 Rigaltio
1750 3578 2005 3640 exarata
2050 3577 2214 3640 sunt.

490 3685 787 3749 Extrema
832 3683 1197 3765 exemplaris
1228 3681 1705 3763 Parisini-parte
1749 3681 2003 3760 insuper
2050 3679 2341 3743 adiuncta
2386 3680 2481 3742 est
2527 3678 2655 3759 epi-

405 3788 573 3854 stula
638 3788 901 3871 Rigaltii
954 3784 1419 3868 Francogallico
1476 3802 1759 3849 sermone
1816 3786 1891 3849 ad
1950 3783 2346 3848 Sirmondum
2399 3783 2654 3864 scripta,

406 3909 589 3975 quem
634 3890 1186 3967 Vollmoeller,
1245 3888 1344 3954 uir
1389 3892 1450 3952 et
1494 3888 1886 3953 humanitate
1934 3892 1995 3951 et
2041 3886 2325 3950 doctrina
2369 3885 2657 3969 insigniS,

405 3995 564 4059 mihi
610 3995 957 4077 descripsit.
1035 3992 1127 4058 Cf.
1175 3991 1749 4076 Sitzungsberichte
1794 3989 1996 4056 XCVI
2041 4010 2100 4072 p.
2147 3989 2269 4051 471
2320 4007 2451 4071 sqq.

495 4099 777 4164 Tertium
824 4100 1026 4164 editae
1072 4098 1510 4162 instructiones
1561 4097 1711 4161 sunt
1758 4113 1914 4159 anno
1960 4092 2214 4156 Domini
2251 4093 2433 4157 1666.
2486 4092 2660 4156 Tunc

408 4202 579 4266 enim
622 4202 879 4267 Parisiis
927 4201 1281 4284 sumptibus
1326 4200 1578 4265 Ioannis
1623 4197 1724 4262 Du
1754 4197 1904 4262 Puis
1951 4194 2247 4278 Cypriani
2295 4213 2477 4279 opera
2520 4199 2658 4277 post

493 4355 552 4422 ²⁴)
593 4354 742 4409 Idem
779 4355 1049 4423 Rigalt-‚ius
1085 4353 1283 4421 repetit
1317 4351 1373 4405 in
1409 4350 1797 4421 supplementis
1839 4349 1922 4418 (cf.
1959 4349 2122 4403 indic.
2158 4348 2453 4417 siglorum).

2731 4099 2874 4142 Editio
2901 4102 3035 4143 tertia

2809 4153 2965 4204 (1666).
