3290 5187
572 436 631 482 11

575 607 792 672 offerre
839 605 1118 684 Christo,
1177 623 1322 669 suae
1368 603 1588 670 salutis
1648 603 1904 685 auctori,
1952 601 2203 683 scripsit
2249 599 2631 665 mediocri
2677 618 2829 664 ser-

574 727 789 773 mone
835 709 1060 790 quasi
1104 726 1335 773 uersu
1383 706 1677 771 aduersus
1708 722 1999 787 paganos.
2046 704 2128 768 Et
2159 703 2304 786 quia
2333 721 2553 784 parum
2584 704 2828 768 nostra-

575 831 712 877 rum
790 811 1101 895 adtigerat
1174 811 1565 886 litterarum,
1640 808 1843 891 magis
1916 807 2173 872 illorum
2249 807 2560 871 destruere
2625 806 2831 888 potuit

576 916 872 997 dogmata
918 933 1106 996 quam
1153 915 1365 978 nostra
1408 913 1680 978 firmare.
1753 911 1932 995 Vnde
1981 913 2045 976 et
2092 911 2166 975 de
2214 910 2445 975 diuinis
2490 911 2830 992 repromis-

575 1017 853 1082 sionibus
900 1019 1197 1082 aduersus
1244 1016 1390 1080 illos
1441 1034 1631 1100 agens
1692 1015 1848 1079 uili
1908 1013 2061 1080 satis
2124 1016 2189 1079 et
2249 1031 2545 1096 crasSO,
2614 1017 2687 1078 ut
2739 1015 2832 1078 ita

574 1120 853 1199 dixerim,
901 1137 1141 1184 sensu
1187 1119 1498 1197 disseruit,
1544 1118 1675 1183 illis
1722 1120 2062 1202 stuporem,
2109 1117 2283 1182 nobis
2330 1116 2831 1198 desperationem

574 1225 900 1290 incutiens,
991 1222 1594 1287 Tertullianum
1664 1224 1725 1285 et
1793 1220 2299 1285 Lactantium
2367 1222 2431 1283 et
2497 1218 2832 1302 Papiam

575 1330 858 1393 auctores
918 1327 1168 1390 secutus
1227 1325 1528 1390 moralem
1589 1342 1735 1389 sane
1793 1324 2136 1388 doctrinam
2184 1326 2245 1388 et
2292 1322 2561 1388 maxime
2606 1322 2830 1388 uolun-

574 1431 770 1496 tariae
813 1428 1198 1512 paupertatis
1247 1447 1524 1494 amorem
1569 1428 1803 1509 optime
1847 1429 2209 1509 prosecutus
2272 1427 2671 1491 studentibus
2734 1427 2833 1489 in·

577 1534 882 1599 culcauit.’

664 1653 838 1718 Haec
880 1653 1199 1735 aliquanto
1243 1652 1533 1735 pauciora
1576 1653 1740 1730 sunt,
1789 1669 1977 1732 quam
2024 1668 2182 1732 quae
2226 1668 2477 1715 noscere
2524 1650 2598 1714 de
2646 1647 2832 1714 Com-

575 1757 860 1821 modiano
907 1757 1206 1838 uelimus;
1271 1758 1332 1819 et
1377 1754 1626 1820 utinam
1672 1773 1744 1818 ea
1786 1755 1945 1836 ipsa,
1990 1772 2145 1836 quae
2191 1752 2547 1819 Gennadius
2594 1771 2828 1818 memo-

574 1858 705 1924 riae
765 1859 1000 1942 prodit,
1067 1857 1274 1922 omnia
1333 1876 1483 1921 uera
1544 1857 1644 1922 uel
1697 1859 1864 1922 certa
1911 1861 2149 1921 essent!
2241 1856 2409 1936 Quae
2457 1857 2707 1939 quidem
2755 1857 2832 1919 de

576 1962 932 2028 auctoribus
980 1961 1149 2039 dicit,
1195 1978 1348 2044 quos
1395 1963 1640 2024 secutus
1685 1959 2163 2027 Commodianus
2210 1961 2315 2042 sit,
2363 1979 2433 2024 ea
2477 1961 2643 2025 haud
2688 1979 2832 2042 par-

578 2085 724 2131 uam
769 2068 1021 2130 mouent
1069 2064 1542 2131 dubitationem.

663 2185 744 2250 Et
789 2205 859 2251 ex
903 2186 1191 2267 Papiae
1249 2185 1427 2251 libris
1476 2187 1611 2251 tam
1657 2186 1916 2269 exiguae
1962 2185 2295 2267 supersunt
2353 2185 2683 2269 reliquiae,
2740 2186 2835 2266 ut,

578 2307 735 2371 quae
795 2288 1216 2353 intercesserit
1275 2289 1438 2353 inter
1498 2289 1672 2353 illius
1734 2293 1797 2354 et
1845 2287 2275 2354 Commodiani
2321 2288 2512 2354 libros
2558 2290 2833 2354 necessi-

577 2394 751 2476 tudo,
819 2411 943 2457 non
986 2392 1114 2457 iam
1166 2393 1361 2473 possis
1420 2393 1821 2477 inuestigare.
1911 2394 2003 2458 De
2065 2392 2560 2458 Tertulliano
2618 2392 2835 2474 utique

576 2513 796 2559 uerum
839 2495 1001 2559 uidit
1047 2495 1426 2562 Gennadius.
1517 2495 1607 2560 At
1663 2496 2174 2560 Lactantium
2236 2497 2441 2560 aetate
2488 2512 2615 2559 non
2664 2494 2833 2578 prio-

576 2618 726 2680 rem,
772 2603 844 2664 ut
888 2599 997 2663 ille
1036 2600 1323 2682 putabat,
1370 2599 1476 2663 sed
1521 2599 1922 2680 posteriorem
1956 2599 2401 2665 Commodiano
2440 2600 2633 2665 fuisse
2668 2619 2836 2665 nunc

577 2704 830 2784 quidem
874 2706 1125 2767 tantum
1171 2722 1292 2768 non
1336 2702 1500 2766 inter
1546 2720 1757 2766 omnes
1791 2705 2059 2769 constat.
2129 2701 2317 2769 Error
2347 2703 2656 2771 Gennadii
2686 2704 2835 2770 inde

579 2806 828 2871 uidetur
884 2805 1203 2888 profectus
1267 2824 1430 2884 esse,
1501 2807 1666 2888 quod
1718 2808 1781 2871 et
1828 2804 2314 2872 Commodianus
2362 2808 2425 2871 et
2470 2809 2836 2875 Lactantius

580 2928 649 2973 ex
696 2908 924 2973 eisdem
969 2909 1248 2973 fontibus
1294 2909 1655 2985 hauserunt,
1705 2927 1970 2991 quorum
2015 2910 2287 2975 fontium
2331 2912 2618 2993 princeps
2651 2914 2840 2994 atque

578 3013 942 3096 praecipuus
1003 3010 1344 3095 Cyprianus
1402 3012 1524 3078 fuit
1553 3011 1625 3095 ⁹).
1719 3012 1924 3078 Huius
1971 3014 2289 3096 uestigiiS‚
2351 3014 2417 3078 id
2462 3017 2624 3096 quod
2671 3013 2834 3079 Gen-

578 3115 836 3179 nadium
866 3113 1166 3197 fugiebat,
1201 3112 1712 3180 Commodianum
1758 3116 2085 3199 pedisequi
2117 3117 2300 3180 modo
2347 3117 2655 3181 institisse
2701 3134 2837 3181 cer-

578 3217 897 3282 tissimum
945 3218 1060 3281 est.

668 3340 821 3405 Post
847 3339 1156 3406 Gennadii
1188 3342 1466 3423 tempora
1497 3343 1569 3406 de
1604 3340 2044 3407 Commodiano
2071 3344 2236 3423 apud
2259 3343 2590 3424 scriptores
2622 3360 2835 3407 rursus

583 3445 785 3509 altum
841 3447 932 3510 est
987 3445 1341 3522 silentium3
1408 3444 1604 3509 nihilo
1652 3446 1866 3509 tamen
1911 3447 2105 3510 setius
2153 3446 2355 3510 medio
2401 3446 2563 3528 quod
2609 3444 2839 3510 dicitur

582 3566 734 3613 aeuo
796 3547 1079 3613 carmina
1137 3548 1268 3613 eius
1331 3548 1672 3612 identidem
1734 3548 2262 3614 describebantur.
2361 3548 2440 3613 Et
2509 3548 2838 3631 conplures

581 3668 790 3715 eorum
841 3653 1084 3717 codices
1129 3652 1401 3716 aetatem
1447 3652 1750 3728 tulerunt,
1798 3669 2060 3734 quorum
2104 3671 2246 3735 pars
2291 3670 2416 3716 non
2461 3652 2551 3717 ita
2594 3651 2836 3734 pridem

586 3752 833 3818 uidetur
869 3755 1118 3839 perisse.
1191 3754 1667 3838 Typographica
1709 3757 1922 3819 autem
1955 3756 2087 3820 arte
2130 3755 2386 3819 inuenta
2430 3774 2574 3820 cum
2617 3756 2840 3838 ingens

585 3857 866 3921 exortum
930 3864 1091 3925 esset
1152 3859 1470 3923 certamen
1534 3861 1610 3923 ad
1672 3858 1862 3923 libros
1924 3863 1987 3923 et
2047 3858 2447 3924 classicorum
2509 3859 2574 3923 et
2643 3858 2833 3922 eccle-

585 3960 983 4032 siasticorum
1041 3964 1414 4047 scriptorum
1475 3962 1640 4045 typis
1702 3961 2155 4046 inprimendOS,
2227 3959 2702 4034 Commodianus
2760 3960 2840 4024 ob

585 4064 880 4144 nimiam,
957 4051 1199 4150 opinor,
1275 4071 1338 4132 et
1408 4068 1711 4142 sermonis
1775 4067 1839 4130 et
1904 4084 2201 4132 uersuum
2263 4064 2661 4148 asperitatem
2731 4063 2840 4129 diu

585 4167 824 4231 nemini
871 4167 1190 4232 doctorum
1236 4170 1458 4253 dignus
1512 4169 1688 4234 uisus
1736 4172 1849 4248 est,
1899 4169 2006 4251 qui
2053 4168 2356 4234 ederetur.

670 4356 711 4424 2>
744 4353 826 4410 Cf.
862 4368 913 4421 p.
949 4353 1084 4410 1111.
