3290 5187
218 1853 318 1895 Cod.
350 1852 575 1946 LeiAdensis

250 2980 554 3031 Apographum

287 3031 514 3073 Sirmondi.

218 4150 363 4193 Editio
388 4151 589 4204 princeps

322 4205 477 4254 (1649).

608 463 700 509 ΧΠ

611 633 776 697 enim
836 650 1078 713 quoque
1137 631 1405 715 suspicio
1463 632 1559 696 est
1617 631 1970 715 Rigaltium
2030 650 2101 697 ex
2153 632 2291 713 ipso
2337 632 2687 716 apographo
2734 632 2865 698 Sir-

610 736 939 801 mondiano
986 734 1307 816 petiuisse.

697 874 936 951 Restat,
981 874 1055 938 ut
1099 892 1292 956 pauca
1336 872 1616 938 dicamus
1666 874 1739 937 de
1783 871 1974 937 uariis
2004 872 2403 957 lectionibuS,
2450 874 2702 956 quaein
2736 874 2869 940 cod.

612 978 675 1047 Β
733 978 980 1058 praeter
1039 977 1281 1040 textum
1344 976 1672 1040 adiunctae
1732 975 1899 1041 sunt.
1986 976 2219 1041 Earum
2280 993 2575 1058 magnam
2626 981 2870 1059 partem

611 1079 814 1163 prima
857 1096 1077 1144 manus
1122 1096 1308 1161 supra
1351 1077 1550 1142 lineas
1596 1077 1882 1160 scripsit3
1928 1079 2234 1159 quaedam
2267 1083 2478 1144 autem
2511 1079 2715 1144 altera
2758 1079 2874 1145 illa

612 1200 805 1246 manu
851 1182 1094 1246 adiecta
1139 1184 1306 1259 sunt,
1355 1198 1514 1261 quae
1560 1179 1952 1245 acrostichon
1985 1181 2017 1243 I
2053 1182 2131 1246 18
2163 1181 2364 1265 primo
2395 1180 2695 1247 omissum
2727 1200 2874 1264 sup-

612 1284 831 1366 pleuit.
909 1284 1087 1349 Hanc
1148 1284 1410 1348 alteram
1474 1282 1706 1347 codicis
1751 1283 1814 1352 Β
1875 1302 2137 1347 manum
2182 1284 2380 1366 ipsius
2426 1283 2694 1367 Rigaltii
2740 1302 2874 1347 esse

613 1388 909 1469 cognom,
957 1388 1060 1452 ubi
1108 1387 1265 1451 mihi
1311 1386 1599 1467 contigit,
1648 1387 1719 1450 ut
1765 1386 2038 1451 codicem
2083 1387 2146 1456 Β
2192 1404 2335 1451 cum
2381 1387 2548 1457 notis
2596 1388 2659 1451 et
2706 1406 2870 1452 com-

615 1491 1127 1555 mentatiunculis
1174 1508 1617 1571 compararem,
1667 1507 1820 1570 quas
1864 1489 2183 1572 Rigaltius
2216 1490 2603 1555 Berolinensi
2651 1492 2875 1555 editio-

614 1593 712 1657 nis
759 1592 1061 1676 principis
1110 1592 1449 1674 exemplari
1495 1609 1611 1656 sua
1655 1609 1845 1656 manu
1891 1591 2245 1671 subiunxit3
2313 1596 2387 1659 de
2442 1611 2567 1675 qua
2617 1612 2683 1656 re
2733 1592 2875 1671 uide

616 1694 1198 1779 Sitzungsberichte
1241 1695 1417 1760 CVII
1462 1714 1521 1776 p.
1572 1693 1701 1759 714
1742 1712 1833 1776 sq.

704 1832 920 1899 Codici
964 1834 1247 1899 Parisino
1294 1832 1704 1897 Leidensis
1750 1831 2115 1898 simillimus
2163 1836 2276 1896 est.
2342 1832 2545 1897 Iidem
2577 1851 2721 1898 cum
2752 1851 2874 1899 non

616 1937 831 2019 paucis
890 1937 1045 2002 locis
1113 1937 1279 2002 inter
1325 1956 1392 2001 se
1437 1936 1763 2010 differant,
1833 1937 2215 2001 Ernestus
2261 1936 2571 2020 Ludwig
2628 1938 2876 2019 putauit

615 2058 740 2105 non
785 2040 1051 2105 alterum
1097 2060 1168 2105 ex
1213 2041 1407 2106 altero
1454 2040 1832 2121 descriptum
1879 2059 2052 2119 esse,
2107 2044 2212 2105 sed
2257 2041 2589 2122 utrumque
2634 2058 2708 2105 ex
2753 2057 2874 2104 uno

619 2144 954 2225 eodemque
1013 2145 1356 2227 antiquiore
1401 2143 1735 2225 archetypo
1780 2143 2046 2208 fluxisse.
2126 2144 2256 2226 Ego
2299 2162 2445 2208 uero
2492 2146 2554 2207 et
2599 2142 2877 2226 singulos

619 2248 900 2311 accurate
947 2248 1306 2311 excutiendo
1352 2248 1415 2311 et
1458 2246 1672 2311 ambos
1716 2246 1881 2309 inter
1922 2265 1990 2310 se
2022 2247 2431 2328 comparando
2464 2246 2722 2312 dubium
2755 2263 2878 2310 non

619 2366 753 2413 esse
812 2349 1122 2432 intellexi,
1193 2352 1344 2432 quin
1389 2348 1718 2414 Leidensis
1774 2368 1844 2413 ex
1895 2349 2179 2415 Parisino
2241 2350 2332 2415 ita
2377 2349 2463 2414 sit
2507 2349 2876 2432 descriptu8‚

619 2451 692 2516 ut
735 2452 1025 2518 librarius
1072 2452 1303 2518 codicis
1345 2451 1687 2530 LeidensiS‚
1733 2451 1915 2515 homo
1961 2451 2180 2517 doctus
2226 2451 2471 2535 aliqum,
2517 2468 2637 2529 non
2682 2470 2879 2535 pauca

622 2554 960 2621 mutauerit
1008 2557 1072 2622 et
1115 2555 1454 2633 addiderit3
1524 2555 1632 2637 qui
1676 2557 1889 2620 utrum
1937 2554 2227 2621 omnibus
2282 2555 2464 2633 lociS‚
2531 2556 2754 2639 quibus
2800 2557 2877 2621 ab

622 2658 901 2742 exemplo
946 2676 1054 2724 suo
1102 2659 1438 2738 abscessit,
1486 2676 1596 2723 suo
1642 2661 1896 2724 tantum
1942 2658 2194 2740 ingenio
2239 2678 2387 2724 usus
2432 2660 2515 2723 sit
2560 2678 2640 2724 an
2685 2659 2879 2724 inter-

624 2763 773 2828 dum
818 2766 1064 2845 praeter
1111 2764 1385 2829 codicem
1430 2764 1493 2833 Β
1540 2763 1730 2828 etiam
1778 2763 1974 2828 alium
2019 2764 2353 2847 inspexerit
2397 2762 2653 2841 librum,
2702 2762 2874 2846 equi-

621 2855 764 2929 dem
794 2869 931 2931 non‘
949 2865 1152 2931 ausim
1186 2867 1529 2931 decernere.
1578 2863 1674 2931 Cf.
1699 2864 2282 2949 Sitzungsberichte
2307 2863 2479 2930 CVII
2500 2886 2564 2949 p.
2590 2867 2625 2929 7
2632 2866 2716 2930 20
2746 2883 2877 2948 sqq.

706 2968 1068 3052 Apographi
1137 2966 1564 3033 Sirmondiani
1634 2970 1881 3050 saepius
1955 2969 2084 3033 iam
2151 2970 2533 3034 mentionem
2599 2969 2879 3035 fecimus.

622 3072 1016 3154 Descriptum
1062 3071 1219 3136 illud
1263 3091 1300 3137 a
1345 3071 1674 3135 Sirmondo
1719 3090 1791 3135 ex
1834 3071 2036 3137 codice
2066 3072 2503 3137 Andecauensi
2550 3073 2761 3152 fuisse,
2808 3073 2881 3137 ut

623 3193 810 3257 supra
854 3179 934 3256 (p.
976 3174 1128 3256 VII)
1172 3174 1674 3253 memorauimuS,
1722 3175 2100 3239 Baluzius
2146 3178 2439 3243 testatur.
2505 3177 2682 3242 Idem
2712 3177 2879 3242 anti-

622 3277 992 3360 quissimum
1039 3277 1232 3342 fuisse
1262 3277 1744 3342 fundamentum
1775 3277 2192 3359 cognouimuS,
2243 3297 2362 3360 quo
2395 3280 2585 3350 editio
2618 3279 2879 3361 Rigal-

620 3382 840 3446 tiana
913 3379 1253 3446 nitebatur.
1345 3380 1502 3444 Inde
1577 3379 1848 3445 codicem
1914 3381 1977 3450 Β
2046 3382 2431 3447 descendisse
2494 3383 2875 3448 arbitramur

628 3486 728 3567 (cf.
776 3503 836 3565 p.
891 3484 1146 3570 VIIIl);
1192 3486 1403 3567 ipsum
1448 3485 1657 3548 autem
1703 3483 2128 3567 apographum
2190 3485 2695 3551 Sirmondianum
2755 3502 2878 3549 non

621 3588 747 3653 iam
792 3588 1040 3652 uidetur
1084 3606 1455 3670 comparere.
1531 3587 1945 3669 Quamquam,
1992 3587 2058 3651 id
2088 3589 2249 3670 quod
2281 3589 2463 3671 paulo
2495 3592 2637 3672 post
2667 3594 2874 3653 osten-

624 3691 837 3770 detur,
907 3709 1029 3756 non
1087 3710 1321 3773 paucae
1367 3694 1496 3756 eius
1543 3690 1833 3755 lectiones
1883 3690 2153 3755 editione
2199 3692 2477 3773 principe
2523 3693 2699 3759 nobis
2747 3711 2876 3757 ser·

625 3797 808 3859 uatae
853 3796 1021 3859 sunt.

1115 3982 1225 4051 De
1271 3982 1733 4052 editionibus
1777 3981 2383 4053 instructionum.

713 4134 920 4199 Editio
966 4135 1248 4217 princeps
1293 4153 1329 4198 a
1372 4135 1628 4201 Nicolao
1674 4136 1954 4219 Rigaltio
2015 4139 2231 4202 curata
2276 4136 2367 4201 sic
2412 4137 2505 4201 est
2550 4136 2878 4218 inscripta:

704 4254 1164 4321 ‘Commodiani
1188 4257 1632 4322 Instructiones
1659 4277 1767 4340 per
1796 4257 2045 4323 litteras
2078 4277 2370 4323 uersuum
2392 4258 2646 4340 primae.
2695 4258 2880 4322 Tem-

629 4378 773 4442 pore
820 4357 1105 4423 Siluestri
1154 4360 1223 4424 P.
1271 4360 1343 4424 R.
1402 4360 1515 4424 sub
1561 4360 1969 4426 Constantino
2017 4360 2189 4426 Caes.
2238 4362 2632 4444 compositae.
2702 4359 2881 4424 Nunc
