3290 5187
1140 462 1491 516 uerborum
1529 466 1594 515 et
1630 462 2077 516 locutionum.

497 652 799 705 mittuntur
835 652 892 704 in
928 651 1099 704 morte
1134 650 1377 703 'secunda
1412 648 1473 702 11
1507 649 1558 712 4,

501 722 583 773 11.
621 721 678 773 in
728 722 880 789 parte
932 718 1136 772 secedit
1191 718 1250 772 11
1287 718 1369 781 11,
1417 717 1466 770 2.
1503 719 1560 771 in

498 788 684 842 seruili
730 791 892 858 gente
931 826 943 838 .
965 825 978 838 .
1014 786 1223 855 refugit
1272 786 1331 839 ΙΙ
1381 786 1460 851 13,
1509 788 1559 840 4.

497 857 746 910 inducere
799 898 812 911 .
835 895 848 908 .
903 857 961 909 in
1010 855 1177 909 oculis
1228 891 1240 907 .
1263 894 1277 909 .

502 926 561 979 ΙΙ
600 926 681 990 18,
720 926 767 978 7.
803 924 1047 978 redditur
1094 925 1150 977 in
1188 924 1346 987 culpa
1381 926 1561 992 pastor

501 995 562 1048 II
596 994 681 1058 28,
717 995 766 1048 6.
805 994 991 1062 laqueo
1037 994 1096 1045 in
1133 993 1239 1046 isto
1259 993 1334 1061 (P)
1371 993 1562 1045 ruistis

500 1062 560 1115 ΙΙ
594 1062 679 1128 29,
715 1063 764 1115 8.
805 1062 859 1115 in
891 1078 1021 1130 gazo
1047 1062 1112 1115 de
1140 1060 1324 1114 labore
1346 1061 1562 1114 mittere

493 1130 660 1184 debes
712 1130 769 1184 11
822 1132 907 1197 31,
964 1130 1045 1184 14.
1100 1130 1380 1183 induxerat
1416 1167 1428 1181 .
1453 1167 1467 1181 .
1503 1131 1559 1181 in

497 1203 645 1252 terra
691 1201 954 1267 promissa
1001 1199 1065 1252 A.
1113 1199 1229 1253 197.
1265 1199 1323 1251 in
1372 1198 1564 1251 scelere

499 1269 675 1335 prisco
710 1270 958 1322 reuoluta
993 1269 1056 1320 A.
1093 1267 1210 1322 200.
1260 1266 1565 1320 ductisunt

499 1338 558 1388 in
597 1337 708 1390 zelo
744 1338 809 1390 A.
847 1337 964 1390 238.
1012 1336 1299 1389 mittamus
1348 1336 1562 1403 lignum

501 1405 561 1457 in
597 1420 733 1472 pane
783 1408 845 1459 A.
892 1405 996 1458 274
1033 1404 1214 1471 (biba).
1251 1403 1400 1457 ducti
1437 1406 1566 1456 sunt

501 1474 561 1526 in
600 1489 776 1528 errore
812 1476 874 1525 A.
911 1473 1031 1526 499.
1069 1488 1288 1525 manum
1313 1473 1371 1525 in
1396 1471 1564 1525 latere

504 1581 518 1594 .
540 1584 552 1596 .
589 1543 747 1595 misit
783 1545 847 1595 A.
883 1542 1002 1595 566.
1052 1543 1146 1609 qui
1194 1542 1405 1594 uenerit
1450 1539 1564 1592 illis

501 1611 560 1662 in
600 1627 692 1663 ore
737 1612 801 1663 A.
850 1611 968 1665 595.
1021 1611 1273 1663 mittetur
1325 1610 1383 1662 in
1437 1609 1565 1676 igne

501 1680 566 1731 A.
617 1679 735 1733 751.
784 1680 839 1731 in
887 1693 1115 1747 quorum
1154 1714 1201 1729 ..
1238 1677 1566 1731 descendunt

502 1749 767 1816 sanguine
817 1748 884 1801 A.
941 1748 1056 1801 756.
1110 1748 1263 1799 uenit
1302 1747 1565 1799 Dominus

501 1815 560 1868 in
618 1818 775 1869 terris
830 1817 893 1869 A.
946 1816 1071 1896 ⁰781.
1129 1815 1352 1868 flumina
1508 1814 1565 1866 in

502 1899 770 2006 3Ἓὲἰὲ
812 1887 1010 2007 ἲξέἑῖξ.
1038 1884 1476 2006 Ἢέἐᾱῗῗέὀῗ
1508 1920 1565 2004 512·

503 2022 619 2075 loco
680 2037 952 2075 seruorum
1007 2057 1021 2070 .
1049 2058 1062 2071 .
1117 2020 1439 2090 rediguntur
1500 2024 1562 2073 A.

506 2091 627 2144 988.
665 2091 876 2143 intrant
912 2091 968 2143 in
1005 2090 1213 2143 colonia
1250 2091 1315 2145 A.
1351 2088 1470 2143 989.
1508 2091 1564 2142 in

1008 2157 1239 2211 abibunt
1291 2159 1355 2213 A.
1412 2158 1563 2212 1055.

507 2228 560 2288 b)
597 2243 765 2281 sensu
788 2227 1099 2295 temporali:
1135 2242 1196 2279 ex
1231 2227 1564 2294 protoplasto

504 2296 593 2349 die
629 2300 903 2363 pugnatur
939 2296 996 2348 in
1035 2295 1138 2348 fine
1174 2317 1240 2341 =
1276 2311 1450 2363 usque
1491 2295 1567 2348 ad

505 2366 668 2430 tinem
702 2364 761 2418 II
797 2364 880 2427 22,
917 2365 968 2417 2.
1004 2364 1061 2416 in
1096 2368 1352 2432 perpetuo
1388 2363 1448 2417 11
1481 2363 1567 2426 39,

506 2433 587 2485 24.
628 2434 683 2485 in
722 2435 935 2486 aeterno
971 2434 1034 2484 A.
1070 2432 1189 2486 302.
1219 2461 1288 2472 -
1313 2436 1364 2497 e)
1399 2447 1568 2485 semu

506 2501 693 2566 finali:
730 2516 888 2568 quam
915 2501 1116 2568 (Liam)
1142 2500 1299 2554 Iacob
1327 2502 1386 2552 in
1410 2501 1566 2568 signo

507 2585 621 2623 rece
659 2570 706 2623 it
742 2569 770 2624 1
807 2570 890 2634 39,
930 2570 981 2623 2.
1029 2571 1243 2623 mittere
1290 2568 1385 2638 qui
1426 2568 1567 2622 dixit

508 2639 617 2706 lapi
656 2655 740 2691 em
786 2639 840 2691 in
878 2638 1128 2692 scandalo
1183 2641 1364 2692 uestro
1416 2637 1445 2691 Ι
1479 2638 1564 2701 40,

508 2708 557 2759 6.
612 2707 810 2760 nutriri
860 2707 917 2760 in
966 2708 1223 2760 occisione
1258 2706 1319 2760 ΙΙ
1361 2706 1446 2770 25,
1485 2708 1564 2759 11.

506 2805 575 2815 -
611 2775 668 2839 d)
707 2791 871 2829 sensu
907 2775 1294 2829 aduersatiuo:
1352 2779 1565 2827 senten-

505 2846 644 2897 tiam
680 2846 834 2897 misit
877 2845 937 2896 in
987 2845 1098 2897 illis
1135 2844 1164 2897 Ι
1200 2845 1250 2908 3,
1305 2844 1353 2899 7.
1408 2843 1565 2896 indu-

508 2915 657 2965 rauit
691 2929 780 2966 eos
817 2915 957 2966 sicut
991 2912 1322 2965 Pharaonem
1348 2914 1405 2965 in
1429 2912 1565 2979 ipsis

506 2983 571 3035 A.
613 2982 729 3034 714.
784 2981 1048 3049 parricida
1083 2982 1253 3047 patris
1290 3023 1301 3034 .
1324 3020 1337 3033 .
1375 2983 1431 3033 et
1480 2996 1566 3033 su-

507 3050 703 3116 perbus
741 3050 797 3101 in
835 3050 927 3103 illo
967 3053 1029 3101 A.
1069 3050 1183 3102 729.
1221 3077 1286 3089 --
1324 3072 1389 3097 =
1426 3050 1565 3116 περί,

513 3117 628 3171 inc:
715 3118 900 3170 Esaias
958 3118 1155 3171 clamat
1212 3119 1269 3170 in
1328 3119 1442 3186 ipso
1502 3120 1565 3170 A.

508 3187 627 3241 533.
666 3188 720 3239 in
760 3186 973 3239 Christo
1010 3186 1280 3239 credentes
1307 3187 1336 3240 Ι
1360 3187 1445 3249 24,
1483 3187 1564 3238 20.

509 3257 576 3311 Α.
599 3255 720 3309 289.
743 3255 862 3309 300.
887 3255 1010 3309 536.
1033 3256 1088 3307 in
1108 3254 1320 3309 Christo
1345 3260 1567 3320 negauit

511 3325 577 3377 A.
624 3325 740 3377 590.
796 3324 853 3375 in
909 3323 1251 3376 uestimentis
1308 3320 1420 3390 (ἐπὶ
1471 3322 1569 3375 τὸν

509 3391 821 3459 ἱματισμὸν)
860 3394 1055 3445 sortem
1082 3393 1346 3443 miserunt
1364 3395 1431 3445 A.
1448 3393 1568 3445 419.

511 3490 578 3500 —
616 3484 678 3507 =
719 3477 808 3528 per
860 3460 951 3513 uel
997 3458 1103 3513 abl.
1144 3462 1423 3513 instrum:
1460 3476 1567 3512 cre·

509 3530 634 3582 dere
670 3544 810 3581 nunc
846 3544 975 3596 opus
1011 3533 1093 3581 est
1128 3533 1342 3581 tantum
1367 3531 1424 3581 in
1462 3529 1569 3581 isto

510 3597 763 3651 defuncto
783 3612 1056 3677 resurgere
1076 3613 1227 3665 posse
1248 3596 1276 3650 1
1297 3598 1379 3660 25,
1406 3598 1470 3650 15
1490 3613 1569 3664 sq.

509 3666 571 3786 {3
607 3666 992 3802 333233331'3
1008 3665 1570 3787 fi{ffi{3¹1⁰22‘1311¹0’.{?13

511 3803 726 3870 iniquos
778 3802 838 3856 II
891 3803 940 3865 2,
993 3803 1025 3855 9
1074 3802 1168 3872 (cf.
1215 3805 1280 3860 A.
1327 3803 1466 3868 995).
1513 3802 1565 3854 in

513 3872 727 3993 &³3³2
750 3871 1570 3993 Ρὲξὲἷέἓῑοῖἓᾍῗῖῗὲἒο.Ῑθώῖξί

513 3980 678 4061 uerbo
703 4008 918 4061 Domini
945 4008 1004 4062 ΙΙ
1036 4010 1113 4066 14.
1155 4008 1220 4061 10
1242 4024 1321 4089 sq.
1359 4010 1414 4060 in
1440 4007 1572 4061 tuba

516 4114 565 4127 ..
602 4077 921 4130 clamantem
967 4077 1025 4130 11
1064 4079 1143 4142 15,
1190 4078 1241 4127 2.
1287 4093 1342 4129 1n
1399 4077 1571 4129 dando

512 4146 809 4213 promeruit
849 4183 862 4197 .
885 4182 899 4197 .
936 4145 1105 4198 leuari
1160 4146 1218 4199 11
1257 4146 1338 4209 18,
1383 4146 1468 4197 20.
1513 4147 1569 4197 in

514 4229 633 4266 esea
670 4214 809 4281 perit
846 4215 965 4266 auis
996 4214 1054 4267 11
1090 4214 1174 4277 23,
1215 4214 1293 4267 19.
1333 4230 1573 4281 persecu-

514 4283 717 4335 tionem
747 4282 971 4351 dissipet
1006 4318 1021 4331 .
1041 4320 1055 4333 .
1093 4284 1148 4334 in
1175 4284 1337 4334 armis
1364 4284 1426 4335 A.
1455 4282 1573 4336 812.

503 2161 697 2212 umbra
755 2159 948 2211 mortis

2661 460 2788 526 219

1728 654 1870 703 terra
1906 649 1934 703 Ι
1970 650 2055 715 41,
2095 652 2175 704 10.
2212 650 2266 703 in
2293 650 2449 703 annis
2478 650 2629 704 mille
2654 650 2713 704 H
2737 651 2787 717 2,

1721 716 1802 771 17.
1841 719 2109 772 mensibus
2146 719 2204 771 in
2242 720 2475 787 quinque
2510 719 2787 772 trucidan-

1720 789 1814 839 tur
1849 787 1912 841 A.
1950 787 2054 841 822

1330 854 1559 908 stibium
1650 853 1710 907 in
1748 871 1793 909 e.
1831 871 2009 909 accus.
2046 877 2116 902 =
2151 856 2208 909 in
2247 871 2291 909 e.
2345 855 2452 909 abl.
2506 856 2566 923 a)
2620 870 2788 910 sensu

1722 923 1908 976 locali:
1947 922 2146 977 bellum
2184 940 2304 977 cum
2342 924 2569 977 inferret
2604 924 2790 978 electis

1724 992 1836 1045 suis
1873 993 1931 1045 in
1977 992 2163 1045 orbem
2199 992 2260 1047 ΙΙ
2299 994 2343 1057 1,
2387 994 2466 1047 10.
2518 992 2789 1047 adclamat

1723 1097 1773 1114 ..
1828 1061 1885 1112 in
1945 1060 2124 1114 orbem
2185 1068 2272 1126 (=
2335 1058 2425 1113 ἐπὶ
2476 1059 2578 1128 τὴν
2628 1061 2785 1128 γῆνῗ)

1722 1128 1783 1182 11
1818 1129 1869 1195 2,
1905 1130 1955 1182 4.
1993 1130 2050 1181 in
2085 1130 2272 1183 urbem
2309 1145 2403 1196 pro
2435 1129 2644 1182 foribus
2687 1133 2787 1184 aut

1724 1197 1805 1249 sol
1853 1200 1949 1251 aut
1995 1199 2124 1250 luna
2157 1197 2360 1250 lucebit
2408 1198 2468 1252 ΙΙ
2515 1198 2567 1260 3,
2611 1200 2692 1252 18.
2728 1200 2787 1252 in

1724 1266 1885 1318 talem
1922 1266 2111 1334 pendit
2147 1265 2364 1319 ecclesia
2392 1269 2512 1320 tota
2540 1267 2600 1321 H
2625 1268 2710 1333 20,
2735 1269 2787 1321 9.

1723 1338 1855 1386 sunt
1914 1332 2108 1402 quibus
2166 1335 2223 1387 in
2282 1333 2467 1402 ignem
2533 1337 2788 1406 apparuit

1726 1402 1908 1469 (Deus)
1946 1405 2011 1455 A.
2040 1403 2154 1456 119.
2189 1403 2244 1455 in
2273 1404 2542 1458 infernum
2566 1421 2672 1458 non
2695 1406 2786 1459 de-

1725 1472 1993 1539 relinques
2017 1470 2081 1524 A.
2108 1471 2211 1524 447
2249 1472 2429 1538 (biblo.
2454 1501 2524 1514 —
2549 1473 2603 1542 b)
2621 1489 2787 1528 sensu

1724 1539 1952 1593 modali:
1997 1540 2053 1591 in
2099 1540 2364 1606 gemitum
2409 1541 2561 1595 edere
2595 1558 2786 1610 panem

1725 1606 1783 1660 11
1824 1608 1903 1672 17,
1942 1610 1987 1661 1.
2024 1607 2115 1660 sed
2158 1609 2264 1661 erit
2309 1611 2368 1661 in
2440 1625 2586 1664 acem
2622 1611 2787 1664 huius

1728 1677 2001 1744 sepultura
2046 1678 2109 1730 A.
2143 1677 2264 1730 476.
2326 1676 2412 1730 bel
2436 1694 2527 1732 um
2582 1679 2641 1732 in
2695 1679 2786 1732 ab·

1726 1760 1975 1866 {taff
2023 1745 2353 1879 Ξῗίἒὲἷηὲ)
2366 1746 2449 1811 25’
2487 1748 2558 1848 ‘3‘-
2583 1747 2787 1869 <3235-

1727 1882 1784 1934 in
1823 1881 2114 1949 supplicem
2152 1883 2335 1950 prodis
2371 1884 2401 1938 Ι
2437 1884 2522 1946 23,
2574 1885 2656 1938 14.
2695 1884 2784 1950 Cf.

1725 1952 1961 2020 August.
1999 1952 2111 2004 eiu.
2155 1951 2268 2004 Dei
2313 1953 2423 2006 wel.
2460 1952 2535 2006 11
2562 1968 2618 2021 p.
2657 1956 2784 2020 449,

1727 2022 1793 2072 31
1828 2034 1938 2087 sqq.
1976 2019 2077 2072 D2.

1657 2087 1864 2141 inanire
1887 2110 1956 2134 =
1975 2103 2267 2154 euaeuare,
2307 2089 2615 2156 infirmare:
2640 2090 2787 2143 cuias

1727 2157 1884 2210 modo
1953 2157 2002 2210 le
2044 2155 2159 2226 e<s)
2231 2158 2407 2210 inanis
2469 2158 2498 2212 Ι
2556 2158 2640 2223 23,
2704 2160 2787 2214 15.

1725 2224 1963 2278 inaniuit
2020 2226 2163 2278 ortia
2197 2226 2387 2279 mortis
2426 2228 2488 2278 A.
2525 2227 2628 2280 316

1656 2311 1835 2364 inanis
1874 2332 1940 2357 =
1975 2311 2223 2378 μάταιος,
2259 2312 2458 2365 stultus
2482 2310 2557 2375 II,
2592 2311 2672 2378 14,
2703 2311 2785 2364 13.

1723 2379 1790 2432 A.
1825 2379 1909 2432 84.
1948 2407 2013 2416 —
2048 2400 2119 2426 =
2152 2395 2355 2442 uanus,
2399 2379 2605 2445 falsus:
2660 2379 2784 2433 deos

1723 2448 1908 2500 inanes
1964 2446 1991 2500 1
2025 2447 2078 2513 2,
2114 2449 2164 2503 2.
2206 2450 2356 2501 uates
2409 2450 2599 2501 inanes
2633 2448 2661 2502 I
2703 2449 2783 2512 17,

1726 2516 1772 2568 1.
1797 2545 1867 2556 -—-
1900 2538 1970 2562 =
1994 2532 2215 2587 egenus:
2250 2532 2472 2570 munera
2499 2516 2594 2570 dat
2629 2516 2782 2581 alter,

1721 2586 1785 2638 ut
1808 2585 2042 2639 alterum
2079 2586 2272 2639 reddat
2307 2586 2522 2640 inanem
2556 2585 2618 2641 11
2638 2584 2722 2650 24,
2750 2586 2785 2639 6

1650 2671 1834 2725 inante
1874 2674 1950 2741 (in
1987 2674 2136 2738 ante)
2173 2697 2243 2715 =
2278 2672 2511 2727 ulterius
2528 2671 2600 2741 (P)
2637 2671 2697 2726 11
2732 2673 2783 2737 5,

1722 2740 1752 2792 7
1768 2758 1781 2801 ;
1818 2740 1891 2806 ef.
1929 2740 1987 2794 11
2027 2742 2106 2803 11,
2144 2741 2179 2794 8

1653 2807 1865 2862 inarare
1887 2808 1951 2875 (P)
1992 2808 2052 2863 H
2088 2808 2175 2874 29,
2219 2809 2284 2863 15

1652 2878 1856 2931 inauris
1890 2877 1946 2930 11
1986 2878 2068 2941 19,
2107 2877 2174 2929 13

1653 2944 1929 2999 incantare
1983 2945 2113 2998 iocis
2172 2944 2232 2999 ΙΙ
2295 2944 2344 3011 7,
2404 2943 2454 2996 2.
2510 2945 2785 2998 incantare

1722 3014 1913 3067 herbas
1951 3015 2221 3082 malignas
2261 3014 2323 3066 A.
2358 3014 2393 3068 8

1656 3084 1868 3136 incaute
1914 3106 1979 3129 =
2029 3082 2345 3149 inopinato:
2393 3081 2476 3135 sol
2512 3080 2661 3150 fugit
2696 3081 2782 3133 in-

1721 3153 1961 3274 <tauta503
1975 3149 2156 3203 subito
2219 3149 2286 3204 fit
2355 3150 2531 3204 noctis
2601 3150 2787 3217 imago

1655 3287 2132 3356 incinefactus('?):
2170 3289 2301 3340 tunc
2336 3286 2579 3355 Babylon
2618 3301 2787 3339 mere-

1724 3358 1833 3409 trix
1870 3356 2035 3428 <erit)
2071 3357 2397 3410 incinefacta
2432 3356 2460 3410 Ι
2496 3356 2585 3420 41,
2625 3356 2690 3408 12

1656 3443 1913 3497 inclinate
1938 3446 2100 3510 caput
2136 3480 2184 3496 ..
2221 3442 2530 3511 pastoribus
2555 3441 2615 3495 ΙΙ
2641 3441 2727 3504 27,
2750 3441 2787 3494 8

1656 3510 2009 3584 incop(r)iare
2032 3511 2100 3579 (Β)
2133 3533 2200 3558 --·
2236 3511 2486 3578 decipere
2520 3511 2548 3562 1
2588 3511 2669 3574 19,
2710 3511 2742 3563 6

1656 3580 1996 3647 incorruptus
2033 3602 2097 3626 =
2135 3579 2430 3647 ἄφθαρτος
2469 3579 2524 3632 ΙΙ
2559 3579 2608 3640 3,
2648 3578 2684 3631 4

1657 3648 1950 3701 incrassato
1987 3648 2138 3700 corde
2174 3648 2203 3701 I
2238 3649 2322 3712 38,
2360 3649 2412 3725 3.
2458 3647 2783 3700 incrassauit

1656 3716 2588 3863 inggdgffisulss-Ainsslglehggzbfi-›fide
2632 3783 2788 3837 Chri·

1723 3858 1908 3907 suana
1944 3854 2160 3906 alterius
2204 3853 2233 3905 I
2269 3852 2336 3905 29
2387 3868 2554 3905 mser.
2603 3852 2688 3917 40,
2738 3853 2786 3905 1.

1724 3921 1785 3975 11
1818 3921 1872 3985 4,
1911 3922 1959 3975 1.
1993 3922 2043 3974 4.
2083 3924 2146 3974 A.
2179 3921 2296 3974 430.
2340 3921 2471 3974 1019

1658 4008 1972 4060 increscere:
2032 4008 2110 4059 sic
2168 4022 2336 4073 genus
2393 4006 2641 4073 iniquum
2700 4007 2787 4058 in-

1727 4075 1899 4129 creuit
1933 4075 2131 4128 mundo
2168 4075 2197 4128 1
2234 4076 2319 4139 36,
2353 4076 2387 4128 8

1660 4144 1980 4198 incumbunt
2037 4147 2127 4211 (ε.-
2180 4146 2516 4196 uolutamur
2540 4142 2590 4212 ἓ)
2644 4157 2788 4196 more

1729 4213 1891 4266 suillo
1944 4214 2010 4266 A.
2062 4214 2177 4267 758.
2222 4242 2294 4251 -
2337 4213 2637 4265 incumbere
2693 4211 2790 4264 ali·

1731 4298 1889 4349 quem
1909 4304 1975 4329 =
1991 4283 2265 4349 persequi,
2286 4280 2554 4334 aemulari
2570 4279 2630 4332 11
2653 4279 2736 4342 23,
2755 4279 2790 4331 5

513 4379 579 4389 -
617 4373 687 4397 =
722 4367 814 4418 per
858 4352 949 4403 uel
984 4367 1164 4404 accus.
1198 4351 1478 4419 temporis:
1516 4351 1573 4402 in
1664 4351 1789 4404 inde
1843 4373 1908 4398 =
1964 4367 2029 4403 ea
2063 4366 2124 4404 re
2167 4350 2195 4404 I
2231 4350 2317 4412 24,
2370 4350 2447 4402 14.
2482 4349 2579 4428 329,
2618 4348 2698 4401 15.
2736 4346 2790 4399 Π

515 4423 718 4487 septem
781 4421 937 4472 annis
1009 4419 1267 4472 tremebit
1339 4420 1575 4486 undique

1733 4421 1819 4483 35,
1857 4419 1936 4472 10.
1974 4449 2042 4458 -
2086 4440 2155 4465 --
2178 4418 2246 4472 de
2288 4434 2353 4472 ea
2393 4434 2468 4482 re,
2513 4432 2628 4470 etus
2674 4416 2788 4470 rei:
