3290 5187
732 1180 1420 1279 OOMMODIANI
1480 1177 2334 1282 INSTRVOTIONES

588 1336 796 1420 PER
848 1337 1397 1420 LITTERAS
1450 1337 1976 1421 VERSVVM
2030 1338 2471 1422 PRIMAS.

1434 1545 1634 1554 ———-—.

1178 1762 1462 1845 LIBER
1513 1763 1884 1846 PRIMVS.

750 1964 798 2025 I.
846 1961 1176 2027 Praefatio.

720 2068 802 2130 II.
850 2066 1202 2148 Indignatio
1248 2066 1380 2130 Dei.

690 2171 805 2233 III.
856 2169 1116 2234 Cultura
1163 2170 1549 2234 daemonum.

660 2274 808 2336 IIII.
859 2272 1181 2337 Saturnus,

732 2377 805 2440 V.
852 2376 1150 2458 Iuppiter.

702 2480 807 2543 VI.
857 2480 947 2543 De
995 2480 1248 2544 fulmine
1295 2480 1489 2562 ipsius
1534 2481 1704 2546 Iouis
1756 2482 2068 2569 (audite).

671 2583 810 2647 VII.
858 2582 950 2648 De
999 2583 1335 2666 septizonio
1384 2584 1446 2649 et
1492 2584 1708 2649 stellis,

641 2686 812 2749 VIII.
861 2687 951 2750 De
999 2687 1128 2751 sole
1177 2687 1239 2751 et
1280 2687 1446 2750 luna.

605 2790 809 2853 VIIII.
856 2789 1223 2853 Mercurius,

730 2893 805 2956 X.
851 2893 1194 2974 Neptunus.

693 2995 802 3058 XI.
850 2995 1071 3078 Apollo
1118 2996 1450 3079 sortilegus
1495 2997 1708 3062 falsus,

667 3099 808 3161 XII.
856 3099 1041 3164 Liber
1085 3100 1261 3182 pater
1305 3102 1609 3166 Bacchus.

629 3202 805 3265 XIII.
854 3202 1155 3269 Inuictus,

594 3304 800 3367 XIIII.
851 3304 1160 3371 Siluanus,

668 3407 802 3471 XV.
847 3409 1172 3473 Hercules.

517 3614 590 3665 In
627 3613 782 3668 codd.
823 3615 978 3669 CBA
1012 3615 1143 3669 haee
1179 3615 1430 3683 capitula
1458 3616 1643 3684 primo
1681 3615 1819 3669 libro
1860 3615 2179 3683 praemissa
2217 3615 2363 3669 binis
2402 3620 2641 3669 emm-ata

413 3703 550 3752 sunt
593 3698 889 3769 columni85
934 3701 997 3753 in
1032 3701 1107 3753 Β1
1144 3706 1196 3754 et
1230 3702 1283 3754 A
1332 3702 1533 3755 desunt
1565 3701 1797 3769 numeri,
1850 3716 1982 3768 qnos
2029 3702 2092 3754 in
2139 3702 2191 3753 B
2226 3700 2530 3770 Riyaltins,
2578 3705 2643 3754 ut

414 3784 659 3852 uidetur,
697 3785 927 3839 addidit
936 3807 956 3854 ;
992 3791 1043 3839 et
1078 3787 1129 3840 is
1155 3787 1372 3854 quidem
1395 3787 1458 3840 in
1480 3788 1725 3840 numeris
1751 3786 2058 3839 scribendis
2085 3786 2333 3852 arabica,
2372 3786 2639 3839 librarius

414 3870 619 3924 codicis
658 3871 712 3926 G
750 3886 982 3924 romana
1028 3872 1291 3926 utebatur
1337 3872 1535 3938 forma.
1605 3873 1904 3925 Editiones
1951 3871 2315 3940 Riyaltianae
2360 3871 2640 3939 oetoyinta

411 3957 705 4025 utriusque
754 3958 884 4011 libri
921 3959 1171 4026 capitula
1216 3973 1329 4012 nno
1367 3963 1551 4012 tenore
1585 3959 1800 4026 scripta
1828 3958 2096 4026 praebent
2105 3978 2124 4024 ‚·
2164 3955 2350 4010 Oehler
2388 3957 2640 4025 capitula

412 4043 633 4096 omnino
659 4044 881 4099 omittit.
907 4045 1212 4113 Inscriptio
1248 4042 1406 4097 Liber
1444 4045 1636 4111 primus
1692 4045 1839 4097 deest
1874 4044 1937 4096 in
1973 4045 2054 4112 0,·
2099 4044 2161 4096 in
2198 4042 2255 4097 0
2288 4047 2472 4096 autem
2510 4049 2640 4097 ante

412 4129 663 4195 capitula
699 4131 831 4184 haee
869 4130 1160 4200 Zeqnntur:
1193 4130 1339 4200 Inoip
1375 4129 1724 4186 commodiani
1759 4130 2126 4183 instructiones
2162 4145 2254 4199 per
2286 4129 2496 4186 litteras,
2529 4144 2638 4181 uer-

411 4228 559 4266 suum
593 4216 811 4281 primas3
848 4216 919 4282 ef.
948 4233 1006 4285 p.
1046 4221 1079 4271 5
1248 4218 1304 4271 V
1336 4217 1533 4284 Iupiter
1569 4215 1651 4271 Cr
1820 4217 1905 4270 VI
1950 4216 2127 4270 audite
2164 4231 2263 4271 om.
2304 4218 2450 4283 Or¹3
2485 4215 2548 4267 in
2583 4214 2640 4266 ν’

411 4296 511 4351 hoe
545 4301 772 4356 uerbum
806 4303 1010 4358 uncino
1045 4303 1315 4359 seclusum
1519 4303 1638 4357 XII
1685 4302 1880 4355 bachus
1919 4304 1973 4359 G
2168 4304 2348 4358 XIIH
2384 4300 2637 4371 Syluanus

2372 4488 2436 4541 1⁶}
