3290 5187
1165 447 1437 501 Carmen
1476 447 1997 516 apologeticum.
2589 446 2706 512 141

586 637 674 702 Vt
719 638 875 701 nihil
923 642 1281 720 agnoscant,
1329 641 1525 702 donec
1570 656 1707 702 meo
1751 638 1941 702 uerbo
1987 641 2336 702 sanescant.

585 741 953 808 Praedictus
999 744 1097 805 est
1139 740 1307 805 Deus
1354 741 1683 805 carnaliter
1732 740 1903 805 nasci
1950 758 2061 822 pro
2107 740 2301 819 nobis,

587 844 678 909 Vt
718 845 898 909 fieret
942 844 1079 909 illis
1125 844 1350 908 merito
1398 843 1700 908 cruciatio
1746 843 1980 908 maiort

453 964 556 1013 405
588 949 744 1013 Ecce
789 948 963 1013 dabit
1009 948 1174 1012 Deus
1218 947 1351 1029 ipse
1397 947 1573 1012 uobis
1619 949 1863 1029 signum
1913 943 1994 1011 ab
2041 946 2196 1011 alto:

461 1034 572 1085 ‘⁴⁰⁰'
590 1049 908 1134 Concipiet
951 1051 1131 1134 uirgo
1176 1053 1240 1113 et
1286 1050 1491 1131 pariet
1538 1053 1708 1114 terra
1751 1050 2111 1124 caelestem3

585 1154 955 1219 Emmanuel
1001 1155 1212 1218 autem
1259 1157 1537 1232 uocetur,
1583 1152 1851 1217 iusserat
1895 1151 2066 1231 illos3

586 1255 764 1336 Quod
806 1256 1028 1340 lingua
1073 1257 1298 1321 Latina
1348 1256 1529 1321 ‘Deus
1574 1253 1918 1320 nobiscum'
1968 1254 2225 1319 euoluit.

584 1360 844 1439 Audite,
893 1359 1055 1442 quod
1100 1360 1232 1442 ipse
1276 1360 1626 1424 nutriretur
1672 1359 1881 1438 melle,
1927 1355 2176 1441 butyro,

452 1478 557 1528 410
586 1462 676 1527 Et
719 1461 1064 1529 Samariam
1110 1463 1374 1546 caperet,
1420 1464 1678 1527 uerbum
1724 1463 2078 1544 priusquam
2125 1459 2497 1541 loqueretur.

456 1549 564 1600 ‘⁴⁰⁶'
584 1566 703 1633 Sed
750 1567 899 1631 haec
943 1572 1037 1632 est
1084 1567 1343 1632 historia
1386 1566 1619 1647 clausa,
1669 1568 1743 1630 de
1787 1583 1909 1646 qua
1951 1563 2121 1629 docti
2165 1564 2521 1640 reuquunt,

586 1668 673 1734 Vt
718 1672 1015 1751 paruulus
1059 1669 1300 1734 lactans
1345 1667 1480 1733 siue
1524 1687 1734 1753 pugna
1779 1668 2032 1750 praedas
2075 1666 2295 1751 iniret3

587 1771 803 1838 Passio
849 1772 1024 1838 cuius
1071 1772 1393 1854 praedicta
1438 1776 1533 1837 est
1579 1771 1793 1835 taliter
1840 1772 2001 1846 aute,

593 1874 684 1939 Vt
730 1875 896 1939 Deus
941 1876 1255 1959 passibilis
1299 1876 1476 1940 fieret
1521 1875 1771 1957 profuso
1823 1893 2057 1939 cruore.

456 1996 558 2045 415
589 1980 802 2044 Esaias
847 1979 964 2044 ait:
1010 1980 1351 2061 Tamquam
1400 1979 1533 2042 ouis
1578 1977 1804 2043 ductus
1851 1978 1930 2042 ad
1977 1995 2173 2058 aram,

474 2064 570 2116 ⁴¹⁰)
587 2082 722 2147 Nec
764 2101 913 2147 uoce
957 2083 1275 2159 clamauit,
1324 2081 1635 2163 patienter
1681 2081 1892 2145 omnia
1935 2084 2149 2163 gessit.

660 2339 761 2392 405
797 2352 911 2406 sqq.
948 2336 1088 2389 Esai.
1127 2337 1177 2401 7,
1207 2336 1272 2391 14
1297 2352 1374 2405 sq.
1514 2336 1616 2391 408
1642 2335 1841 2390 Matth.
1872 2339 1919 2402 1,
1946 2336 2015 2389 23
2154 2337 2258 2390 410
2296 2337 2434 2390 Esai.
2461 2337 2509 2400 8,
2534 2336 2571 2390 4

459 2424 560 2478 415
599 2439 677 2491 sq.
714 2423 859 2477 Esai.
895 2424 979 2487 53,
1019 2422 1048 2475 7

563 2683 664 2737 402
698 2700 812 2736 meo
850 2684 1009 2737 uerbo
1046 2684 1324 2737 sanescant
1359 2684 1430 2737 1³²
1442 2700 1500 2748 υς
1546 2699 1663 2736 mea
1698 2683 1860 2736 uerba
1895 2685 2172 2736 senescant
2208 2681 2403 2749 MP¹;
2451 2681 2530 2734 1³³
2564 2682 2702 2738 dicit

459 2770 702 2824 noluisse
745 2785 803 2823 se
849 2770 1224 2824 coniecturam
1267 2786 1425 2825 suam
1469 2770 1534 2823 in
1579 2774 1789 2823 textum
1837 2768 2096 2835 recipere,
2132 2768 2282 2835 quod
2314 2768 2520 2822 ironice
2557 2767 2715 2822 Gom-

462 2856 756 2911 modianus
792 2855 970 2911 dicere
986 2857 1267 2925 potuerit.-
1304 2850 1459 2920 ‘Nae,
1486 2861 1710 2910 tantum
1733 2854 1982 2917 audient,
2008 2870 2174 2921 quum
2198 2852 2309 2907 Dei
2332 2854 2709 2921 deficientibus

460 2944 629 2997 armis
663 2944 837 3013 ipsius
872 2943 1043 2997 uerba
1077 2944 1229 2997 senio
1265 2937 1564 2997 tabuerint’
1753 2941 1853 2996 403
1888 2941 2158 3010 predictus
2195 2944 2283 2995 M
2443 2943 2713 2997 Dominus

461 3065 723 3118 Hanssen
767 3063 921 3116 With.
959 3063 1167 3133 Meyer,
1208 3064 1335 3117 Abla.
1367 3080 1427 3131 p.
1461 3066 1579 3117 290
1776 3062 1876 3116 404
1912 3035 2179 3116 cruciatior
2209 3067 2310 3129 M3
2347 3081 2374 3117 r
2408 3081 2477 3125 m.
2513 3069 2567 3121 2.
2605 3066 2706 3119 ad-

461 3151 604 3205 didit
744 3149 841 3203 405
879 3149 1143 3202 Dominus
1180 3150 1441 3203 Han-esen
1580 3149 1681 3203 400
1718 3150 1962 3204 celestem
2000 3152 2086 3203 M
2230 3152 2330 3204 407
2366 3152 2479 3205 illis
2515 3153 2570 3207 R

459 3236 560 3291 409
595 3236 792 3288 buturo
829 3239 915 3290 M
1068 3236 1167 3289 410
1204 3236 1273 3288 Et
1305 3238 1422 3303 (om.
1462 3236 1539 3301 R)
1578 3236 1872 3289 Samariam
1905 3238 2137 3303 caperet,
2173 3237 2393 3291 uerbum
2434 3239 2506 3292 Ρι
2548 3242 2605 3307 (s.
2644 3256 2709 3297 u.

459 3325 517 3390 l.)
554 3340 586 3377 v
624 3321 722 3386 (ad
757 3340 920 3391 quam
966 3323 1248 3376 lectionem
1289 3322 1638 3390 probandam
1675 3323 1730 3377 R
1777 3324 1937 3390 affert
1971 3323 2125 3377 Esai.
2162 3328 2216 3389 8,
2253 3325 2287 3378 4
2335 3324 2474 3377 διότι
2509 3325 2638 3395 πρὶν
2671 3322 2706 3392 ἢ

459 3415 667 3476 γνῶναι
710 3408 771 3460 τὸ
820 3408 1042 3461 παιδίον
1086 3411 1265 3460 καλεῖν
1309 3409 1517 3478 πατέρα
1563 3407 1596 3476 ἢ
1645 3410 1866 3478 μητέρα,
1920 3411 2218 3477 λήψεται
2263 3451 2275 3463 .
2311 3451 2322 3463 .
2366 3412 2444 3464 τὰ
2499 3416 2707 3466 σκῦλα

463 3495 830 3562 Σαμαρεία
844 3500 920 3559 ς>;
957 3494 1028 3547 Et
1063 3496 1280 3548 uerbum
1320 3494 1559 3548 Samaria
1595 3502 1804 3565 caperet
1841 3501 1897 3550 et
1931 3501 2017 3552 M
2045 3504 2303 3566 (apparet
2337 3500 2528 3568 ἐρίων,
2565 3515 2710 3567 quae

462 3581 663 3635 codicis
698 3581 855 3634 lectio
891 3582 1201 3646 uidebatur,
1241 3599 1360 3636 eam
1394 3584 1729 3653 inqem’osam
1767 3586 2011 3639 Pitrae
2048 3601 2156 3639 esse
2180 3585 2568 3653 coniecturam)

459 3704 718 3773 priusqua
753 3706 839 3757 M
871 3705 967 3768 (Ρ2
991 3705 1165 3769 falso:
1201 3705 1471 3773 priusque)
1612 3706 1714 3760 410
1740 3679 2006 3774 loq⁷eretur
2031 3711 2117 3762 M
2247 3707 2344 3761 411
2373 3708 2468 3760 hec
2493 3712 2581 3763 M

459 3825 705 3894 hystoria
729 3829 815 3880 M
942 3827 1087 3880 clusa
1112 3826 1168 3881 R
1304 3799 1373 3895 q⁷a
1398 3831 1484 3882 M
1613 3830 1714 3884 412
1738 3830 1925 3897 predas
1951 3833 2037 3884 M
2166 3832 2333 3884 iniret
2369 3832 2442 3885 Ρι
2458 3832 2514 3886 R
2539 3834 2708 3896 With,

459 3911 671 3980 Meyer,
709 3912 845 3966 Abh.
870 3930 925 3980 p.
952 3916 1090 3980 2933
1130 3916 1281 3966 intre
1309 3918 1395 3969 M
1412 3921 1672 3979 (extremo
1709 3918 1956 3985 margine
1979 3918 2266 3984 scriptum,
2294 3924 2357 3971 ut
2379 3934 2498 3971 wna
2522 3918 2712 3972 littera

456 4000 710 4066 potuerit
730 4000 1088 4068 ylutinatoris
1114 4016 1284 4068 opera
1310 4002 1687 4066 intercidere)3
1726 4007 1931 4055 teneret
1958 4003 2049 4056 Lol
2073 4003 2229 4070 (quia
2267 3997 2453 4057 ‘dictio
2493 4005 2713 4070 praedas

467 4086 607 4138 inire
644 4087 824 4139 latina
859 4092 937 4139 est
972 4086 1131 4140 nulla
1176 4105 1348 4156 neque
1384 4105 1508 4143 cum
1556 4088 1742 4142 uerbis
1780 4089 2005 4142 Graecis
2036 4088 2163 4153 (les,
2202 4094 2256 4151 8,
2292 4094 2345 4157 4)
2385 4085 2709 4156 conuenit’);

464 4171 689 4224 haberet
725 4172 987 4226 Han-esen
1161 4175 1259 4227 413
1297 4176 1536 4242 predicta
1573 4178 1660 4229 M
1790 4175 1890 4228 410
1924 4181 2044 4245 post
2081 4178 2250 4244 gessit
2286 4177 2397 4229 P¹v
2434 4177 2718 4230 exhibente

462 4257 542 4309 Tu
578 4257 724 4310 Deus
761 4265 816 4310 et
849 4258 1117 4312 Dominus
1155 4277 1273 4313 uere
1312 4265 1497 4315 meus!
1545 4267 1737 4317 contra
1774 4278 1928 4331 quem
1967 4264 2076 4326 ille,
2131 4279 2274 4331 quae
2318 4263 2488 4316 uerba
2533 4263 2598 4315 in
2633 4265 2722 4317 M

463 4358 579 4398 non
610 4344 708 4397 hoc
744 4344 873 4408 loce,
910 4345 1005 4399 sed
1035 4352 1159 4413 post
1194 4362 1414 4401 uersum
1452 4351 1564 4403 567
1595 4349 1995 4414 inuessniuntum
2045 4351 2116 4415 cf.
2159 4349 2211 4402 S.
2252 4351 2364 4402 107
2393 4364 2453 4416 p.
2490 4351 2597 4402 793
2629 4364 2708 4417 sq.
