3290 5187
1109 433 1465 486 uerborum
1503 436 1571 486 et
1606 433 2051 487 locutionum.

471 620 582 675 dici
619 619 893 689 prophetis
931 619 995 671 A.
1032 619 1150 674 365.
1188 619 1319 673 dum
1354 623 1531 688 sperat

468 691 560 761 (ex
595 693 839 758 spectans
874 686 1083 741 credere
1118 704 1280 741 canus
1305 688 1370 742 A.
1411 688 1527 743 785.

469 760 559 826 pol
585 758 754 811 icetur
789 756 1001 810 reddere
1037 757 1210 810 uitam
1247 758 1311 809 A.
1348 756 1450 811 788

399 827 560 892 infin.
605 825 939 880 substantiui
984 826 1098 878 loco
1215 825 1382 879 situs:
1436 826 1533 878 aut

469 896 609 949 ferro
668 898 929 962 parantur
998 909 1061 947 su
1099 910 1133 961 p
1159 894 1261 947 icia
1322 933 1335 946 .
1362 931 1375 945 .
1435 896 1533 946 aut

470 964 634 1032 longo
671 978 874 1016 carcere
908 962 1031 1016 flere
1131 964 1217 1028 28,
1255 963 1286 1016 7
1312 978 1389 1031 sq.
1427 978 1531 1015 non

476 1032 572 1085 fiet
595 1033 652 1085 in
677 1047 904 1085 uacuum
929 1030 1169 1086 confusio
1192 1031 1375 1099 culpae
1410 1046 1532 1098 pro·

471 1100 611 1165 inde,
650 1100 710 1153 in
745 1101 897 1153 reatu
936 1103 1032 1154 tuo
1068 1099 1221 1154 sorde
1239 1098 1329 1221 (23l
1358 1100 1530 1152 mani-

470 1169 611 1223 festa
664 1167 854 1222 deflere
903 1169 965 1223 11
999 1169 1051 1234 8,
1086 1168 1122 1222 4
1157 1184 1237 1236 sq.
1333 1183 1395 1221 oc
1450 1172 1533 1222 est

473 1237 754 1291 beluarum
779 1237 960 1291 adesse
991 1238 1078 1303 (=
1106 1237 1198 1290 ein
1220 1237 1535 1291 thierisches

469 1306 690 1360 Daseiu
709 1306 760 1369 ἓ)
797 1308 861 1359 A.
897 1307 967 1361 34

408 1375 655 1428 infirmus
688 1396 759 1421 ==
794 1380 1052 1445 aegrotus
1097 1375 1126 1429 1
1162 1376 1245 1438 39,
1281 1375 1332 1427 2.
1369 1375 1427 1429 ΙΙ
1466 1374 1536 1428 30

472 1446 638 1497 inser.
676 1450 729 1497 et
766 1460 821 1497 u.
862 1446 909 1496 1.
948 1443 1032 1508 37,
1070 1444 1117 1497 6.
1155 1444 1221 1497 A.
1259 1444 1362 1497 574

405 1511 633 1565 infrenis
666 1533 736 1558 =
768 1512 1078 1566 inmodicus
1122 1512 1182 1567 H
1216 1512 1301 1575 32,
1339 1513 1371 1565 7

401 1580 622 1649 ingenia
670 1602 741 1627 =
790 1587 950 1643 artes,
1001 1581 1239 1635 inuenta
1278 1580 1308 1633 Ι
1348 1582 1427 1648 17,
1470 1581 1534 1634 12

472 1651 654 1717 (saepe
692 1648 845 1717 apud
886 1649 1311 1715 Tertullianum)

406 1718 710 1840 ingrueg³2=3
745 1717 881 1772 caeli
943 1719 1249 1785 ingruentis
1304 1718 1532 1772 fulmine

405 1853 543 1909 inibi
579 1854 640 1908 II
674 1856 724 1918 3,
764 1854 829 1906 12

403 1923 621 1991 iniquus
664 1943 734 1970 =
784 1924 991 1976 malus:
1051 1927 1238 1977 contra
1289 1923 1531 1976 bonum

471 1995 734 2072 pugnant,
786 2007 907 2044 cum
977 1992 1052 2044 sit
1107 1991 1532 2059 repugnandum

471 2060 855 2192 4364746777,
888 2059 1004 2182 67674
1023 2060 1532 2195 <mer-..ret

473 2197 522 2259 2,
559 2197 607 2250 7.
643 2197 692 2251 9.
729 2197 777 2261 6,
813 2198 864 2252 5.
899 2197 984 2263 24,
1024 2198 1076 2250 4.
1103 2199 1184 2252 13.
1215 2198 1297 2251 15.
1321 2198 1387 2251 A.
1410 2199 1530 2252 525.

477 2265 594 2320 705.
629 2264 749 2319 852.
784 2265 903 2320 869.
940 2266 1060 2321 930.
1096 2266 1215 2320 988.
1251 2266 1356 2320 994

405 2334 542 2387 inire
564 2356 633 2380 =
655 2333 931 2388 incedere:
969 2350 1123 2403 super
1147 2336 1341 2389 fluctus
1365 2336 1531 2387 maris

477 2401 651 2456 inibat
709 2403 774 2457 A·
827 2403 946 2456 639.
1018 2432 1085 2443 -
1137 2428 1207 2447 --
1258 2403 1527 2472 caper-eff)

474 2471 695 2539 praedas
731 2471 897 2524 iniret
916 2470 982 2541 (P)
1019 2474 1083 2525 A.
1119 2472 1225 2525 412

403 2538 817 2664 inigrelzlquasi
855 2540 1054 2593 initent
1073 2541 1147 2611 (1³)
1183 2538 1434 2612 baln(e)o
1473 2541 1530 2595 11

541 2647 556 2673 9

403 2677 666 2731 inlibatus
700 2700 771 2724 =
803 2678 886 2730 int
949 2693 1023 2742 er,
1064 2678 1398 2733 inuiolatus:
1447 2677 1527 2732 iu·

473 2746 628 2868 {titga
643 2747 795 2869 gleni
818 2747 919 2799 inli
959 2751 1048 2799 ato
1085 2763 1300 2815 corpore
1335 2748 1532 2800 uiuunt

408 2882 661 2936 inlidere:
698 2885 754 2936 te
790 2884 965 2952 ipsum
1002 2883 1189 2936 inlidis
1227 2885 1312 2953 (=
1339 2884 1528 2946 laedis)

474 2951 533 3005 11
566 2952 648 3014 24,
679 2954 758 3006 15.
796 2953 889 3005 sed
927 2969 1045 3005 cum
1082 2968 1137 3005 se
1172 2952 1365 3006 inlidet
1388 2969 1531 3006 exer-

473 3020 588 3073 citu
625 3019 783 3089 (dat.)
836 3020 936 3073 Dei
973 3025 1240 3088 tyrannus
1277 3021 1337 3074 11
1379 3024 1423 3088 1,
1463 3022 1531 3074 39

404 3088 763 3142 inmaculatus
799 3089 827 3142 I
864 3089 947 3152 39,
985 3090 1018 3142 9

406 3156 737 3210 inmaturum
793 3174 935 3211 mors
979 3159 1253 3211 inmatura
1302 3161 1532 3228 uagatur

473 3223 501 3277 1
542 3226 623 3289 16,
659 3225 696 3278 4
730 3226 976 3290 (Lueret.
1022 3226 1075 3279 V
1102 3230 1229 3290 221)

407 3292 707 3347 inmittere:
734 3294 871 3362 lapis
895 3294 1150 3348 inmissus
1186 3333 1200 3347 .
1221 3333 1233 3346 .
1260 3295 1318 3348 in
1340 3294 1532 3349 funda-

474 3362 624 3415 mina
659 3365 724 3417 A.
761 3363 864 3417 265
898 3362 1085 3428 (ὀίω).
1120 3393 1189 3404 -
1210 3365 1531 3418 instituere:

473 3431 713 3484 inmittit
748 3432 986 3485 luxurias

473 3499 549 3551 tit
583 3501 647 3552 A.
683 3500 788 3553 208
826 3515 905 3568 sq.

406 3566 665 3620 innocuus
701 3568 729 3621 Ι
764 3568 847 3633 26,
885 3568 969 3621 38.
1006 3568 1069 3636 A.
1109 3569 1211 3622 544

404 3638 638 3689 innonat
684 3637 853 3690 altera
901 3637 1048 3690 iusta
1082 3658 1151 3683 =
1184 3653 1337 3692 noua
1373 3638 1531 3691 iusti-

473 3705 582 3757 tuit
616 3706 680 3759 A.
714 3705 821 3759 489

407 3771 566 3841 inops
590 3773 761 3826 animi
798 3774 826 3826 Ι
861 3775 911 3838 4,
952 3773 981 3825 7
1019 3774 1156 3838 (Ver
1192 3777 1226 3840 .)

404 3841 712 3907 inormis(?)
753 3843 815 3895 A.
851 3842 952 3895 214
991 3791 1328 3911 (Woeg‘flini
1362 3843 1528 3897 Arch.

475 3908 592 3962 III
612 3925 670 3977 p.
707 3913 831 3964 148.
870 3912 999 3973 336)

405 3978 461 4030 in
503 3993 666 4099 Inlere1
673 4046 708 4099 2
734 3979 828 4047 qui
865 3980 1073 4097 frendum
1109 3980 1385 4100 inponere-t
1405 3979 1533 4099 fillis

589 4085 603 4110 ,
710 4084 724 4098 .
757 4076 830 4086 —
861 4067 931 4093 =
1002 4064 1210 4113 voeysw:
1248 4064 1280 4100 a
1345 4063 1402 4099 1n
1429 4063 1532 4100 ens

476 4115 794 4236 ,ωέὶιιὶωαω
823 4131 993 4168 meam
1028 4117 1317 4184 inposuisti
1342 4116 1405 4169 A.
1429 4116 1534 4169 444

402 4251 744 4320 inproperare
779 4274 847 4300 =
885 4253 1172 4322 obiurqwre
1206 4252 1267 4306 11
1304 4253 1388 4318 10,
1424 4253 1458 4306 3

407 4319 886 4443 inffioijigduzz—-A‘
914 4322 1171 4444 &uaeris
1206 4321 1235 4374 I
1271 4322 1356 4385 38,
1403 4323 1426 4374 1
1453 4320 1533 4389 (‘?).

638 4428 651 4454 ‚
761 4427 775 4442 .
866 4427 878 4439 .

1026 3469 1036 3481 .
1060 3470 1074 3485 .
1111 3433 1308 3501 agonia
1343 3433 1529 3486 inmit-

2626 432 2750 496 221

1620 619 1677 671 in
1719 619 1803 671 uit
1837 640 1907 665 --
1943 618 2142 687 legitur
2176 618 2241 670 iu
2275 618 2559 685 scm‘ptura
2593 632 2758 672 sacra

1690 687 1782 809 ὧι
1801 686 1886 809 2417,
1930 686 1982 740 4.
1994 686 2144 809 Agr
2158 687 2437 821 82453348&
2490 688 2597 741 eiu.
2643 687 2757 740 Dei

1621 793 1891 890 inquirere
1900 770 2004 871 p.⁶-=
2055 795 2324 891 eo'yitare?
2377 824 2423 876 si
2476 823 2617 877 nihil
2669 823 2755 876 in-

1692 892 1889 959 quiras,
1944 892 2044 945 hoc
2098 895 2181 944 est
2235 891 2513 945 beluarum
2565 891 2753 946 adesse

1622 961 1895 1110 insspgiss:
1918 1029 2036 1082 inre
2073 1031 2217 1109 serat
2255 1066 2299 1084 ..
2336 1027 2563 1082 rudibus
2586 1032 2756 1082 teme·

1626 1166 1638 1178 θ
1690 1113 1864 1178 rarius
1901 1098 1984 1166 (=
2060 1098 2292 1167 zabolus)
2328 1098 2394 1152 A.
2434 1098 2563 1179 173,

1622 1181 1860 1234 inrigare
1900 1186 1970 1247 -5--·
1992 1167 2302 1248 fluctuum·
2331 1167 2489 1220 modo
2540 1182 2751 1222 mrum-

1685 1237 2108 1357 pereaassrgngat
2161 1234 2333 1288 hostrs
2371 1235 2429 1289 11
2466 1236 2516 1300 9,
2568 1237 2626 1298 1;
2681 1237 2752 1303 cf.

1623 1319 2010 1495 ingnlffilmqulel
2040 1371 2218 1495 {tagum
2288 1376 2353 1426 A.
2409 1372 2511 1426 587
2576 1374 2757 1443 (Verq.

1752 1456 1893 1510 σονς.

1624 1508 2016 1563 insatiabiliter
2070 1509 2098 1562 Ι
2216 1549 2229 1573 ,
2283 1510 2318 1562 2
2355 1509 2598 1579 (Lucret.
2647 1510 2761 1564 HI

1694 1581 1817 1631 905.
1864 1578 1955 1632 VI
1979 1581 2110 1640 978)

1621 1646 1826 1700 inscius
1876 1669 1947 1693 =
1997 1662 2166 1700 uerae
2217 1646 2495 1716 reliqicmis
2557 1661 2757 1715 expers

1691 1714 1722 1768 1
1760 1717 1806 1780 1,
1841 1716 1893 1770 3.
1927 1716 1978 1769 5.
2011 1717 2047 1768 8

1620 1783 1832 1851 insequi
1857 1799 1898 1838 e.
1934 1784 2096 1849 infin.
2120 1806 2189 1831 =
2205 1798 2458 1853 perqere:
2496 1784 2550 1837 et
2571 1785 2748 1851 magis

1691 1852 1995 1921 insequitur
2018 1852 2229 1921 plenius
2254 1852 2532 1906 ostendere
2557 1853 2621 1907 A.
2641 1853 2748 1906 482

1620 1920 1897 2044 insAign5uls1=
1945 1924 2059 1974 tam
2096 1921 2228 1975 clari
2262 1923 2320 1975 et
2352 1921 2557 1989 insigni
2594 1936 2751 1989 reges

1621 2057 1917 2127 inspoot0r=
1965 2061 2049 2111 est
2086 2058 2223 2111 Deus
2257 2058 2539 2126 inspector,
2586 2073 2745 2127 pene·

1689 2130 1804 2180 trat
1841 2128 1933 2195 qui
1969 2127 2188 2196 singula
2222 2126 2382 2180 corda
2416 2126 2477 2181 11
2513 2127 2597 2190 18,
2633 2129 2666 2180 9

1619 2196 1960 2263 inspicere=
1975 2196 2285 2264 haruspicis
2305 2210 2530 2249 munere
2551 2196 2720 2264 fuuyi
2733 2214 2750 2246 ε

1688 2279 1869 2317 cruore
1926 2265 2047 2317 fuso
2100 2264 2277 2317 malus
2329 2264 2553 2332 inspicit
2607 2265 2750 2317 alter

1689 2333 1718 2386 Ι
1742 2332 1824 2397 22,
1862 2334 1913 2386 2.
1935 2362 2007 2373 -
2038 2353 2108 2380 --
2141 2332 2424 2401 respicere,
2459 2339 2748 2400 reputare:

1690 2402 1892 2469 inspice
1964 2399 2119 2455 Liam
2188 2405 2377 2470 typum
2448 2416 2752 2470 synagogae

1690 2469 1922 2591 {gissessl
1968 2470 2053 2536 39,
2094 2471 2140 2523 1.
2188 2497 2254 2509 ——
2304 2491 2370 2516 =
2416 2471 2649 2523 uisitare
2695 2469 2752 2522 11

1759 2576 1772 2603 ,
1816 2540 1840 2591 1

1620 2607 1914 2730 inspirzgus
1951 2629 2017 2655 =
2065 2607 2177 2661 Dei
2239 2607 2464 2661 numine
2521 2607 2755 2675 afflatus

1620 2744 1887 2798 instruere
1949 2760 1995 2798 c.
2055 2743 2209 2812 dupl.
2264 2760 2470 2799 accus:
2530 2745 2750 2813 ignaros

1688 2813 1898 2867 instruo
1933 2829 2118 2866 uerum
2158 2813 2186 2867 1
2226 2816 2273 2876 1,
2309 2816 2342 2867 9

1620 2881 1834 2949 integra
1857 2885 2039 2935 mente
2062 2903 2132 2928 =
2154 2898 2293 2936 sana
2316 2886 2493 2935 mente
2518 2882 2546 2935 I
2570 2882 2654 2948 17,
2684 2882 2757 2935 10

1621 2951 1897 3029 integrare
1933 2972 1998 2997 ε
2048 2952 2325 3020 inteyrum
2375 2966 2617 3015 seruare,
2664 2966 2755 3003 re·

1689 3024 1942 3072 statuere:
1979 3019 2248 3087 integrate
2272 3021 2446 3073 locum
2480 3019 2536 3073 II
2572 3019 2657 3084 27,
2695 3019 2746 3073 4.

1690 3087 1996 3154 integratur
2044 3086 2221 3152 homo,
2268 3088 2447 3141 fuerat
2481 3087 2575 3156 qui
2610 3103 2750 3141 mor·

1690 3160 1816 3208 tuus
1852 3157 1984 3209 olim
2019 3158 2084 3209 A.
2124 3157 2224 3210 144

1621 3224 1933 3294 intellegere
1958 3247 2024 3271 =
2047 3240 2241 3292 sapere
2266 3224 2580 3290 (absolute)=
2608 3225 2753 3293 quod

1694 3309 1801 3346 non
1837 3294 2213 3360 intellegerent
2236 3294 2291 3347 in
2317 3297 2497 3347 totum
2521 3293 2627 3346 fine
2651 3293 2751 3347 sub

1691 3362 1808 3429 ipsa
1843 3363 1910 3416 A.
1944 3363 2065 3417 398.
2100 3379 2194 3416 nec
2221 3362 2441 3416 uideant
2465 3363 2630 3416 oculis
2656 3377 2750 3415 nec

1691 3429 2017 3498 intellegant
2070 3432 2225 3485 corde
2280 3432 2471 3484 durato
2527 3434 2591 3483 A.
2645 3431 2757 3484 400

1693 3499 1877 3621 (Ιὲξξῗ.)
1949 3516 2089 3553 nunc
2139 3500 2466 3568 intellegitis
2525 3503 2590 3554 A.
2646 3499 2752 3553 465

1621 3571 1901 3689 intende)re
1936 3637 2239 3704 (animum):
2287 3636 2354 3689 ad
2391 3635 2533 3689 Kain
2570 3636 2749 3688 inten-

1691 3703 1806 3757 dite
1841 3704 1870 3757 Ι
1905 3705 1991 3769 39,
2029 3707 2077 3758 8.
2119 3705 2303 3770 stulte,
2353 3720 2462 3758 non
2509 3704 2747 3757 intendis

1691 3788 1857 3825 unum
1893 3774 2093 3827 bellare
2128 3789 2222 3842 pro
2257 3774 2447 3826 multis
2483 3772 2542 3827 II
2577 3773 2663 3840 20,
2700 3773 2755 3825 8.

1694 3857 1875 3895 susum
1912 3841 2250 3896 intendentes
2286 3841 2344 3895 II
2379 3841 2462 3904 27,
2500 3843 2535 3894 5

1621 3913 1766 3964 inter
1853 3911 2168 3979 estpositum
2203 3926 2327 3965 eum
2363 3911 2587 3964 datiuo:
2629 3926 2750 3963 cnm

1689 3983 1747 4033 te
1823 3979 1933 4032 acis
1987 3980 2205 4032 musicis
2253 3981 2395 4032 inter
2443 3978 2502 4032 11
2539 3979 2621 4044 17,
2667 3980 2748 4032 12.

1688 4046 1796 4113 (Cf.
1832 4048 2071 4117 Auyust.
2107 4047 2338 4112 confess.
2371 4047 2415 4100 I
2441 4051 2515 4103 18
2551 4051 2713 4115 extr.)

1622 4116 1892 4170 interdum
1927 4138 1996 4164 =
2032 4118 2255 4170 iuterim
2289 4120 2352 4171 A.
2389 4116 2474 4171 57.
2509 4116 2578 4170 83

1622 4185 1853 4238 interius
1875 4186 1937 4252 (ἵ)
1976 4185 2036 4239 11
2070 4186 2121 4248 4,
2161 4185 2226 4239 12

1622 4253 1959 4320 interrogare
1992 4275 2062 4300 --·
2095 4254 2379 4322 inquirere
2401 4254 2465 4307 in
2487 4252 2749 4322 aliquem:

1694 4323 2089 4391 interrogemus
2134 4339 2255 4376 eum
2298 4323 2445 4375 omni
2482 4337 2602 4374 cum
2641 4325 2751 4374 tor·

1696 4394 1870 4444 mento
1908 4392 2144 4459 quietum
2181 4394 2240 4446 A.
2277 4391 2380 4445 493
2417 4389 2585 4457 (bibl.)
