3290 5187
862 654 1028 717 XVI.
1076 652 1168 717 De
1218 651 1312 715 dis
1360 650 1736 732 deabusque.

828 755 1028 819 XVII.
1075 756 1167 818 De
1217 753 1566 817 simulacris
1614 770 1846 817 eorum.

793 857 1026 920 XVIII.
1073 856 1165 921 De
1212 854 1588 919 Ammudate
1637 855 1700 919 et
1746 855 1862 919 deo
1907 873 2151 937 magno.

764 959 1030 1022 XVIIII.
1074 958 1462 1023 Nemesiacis
1505 957 1702 1021 uanis.

891 1061 1029 1124 XX.
1081 1060 1354 1124 Titanes.

861 1163 1032 1227 XXI.
1079 1164 1505 1228 Montesianis.

825 1266 1032 1331 XXII.
1075 1266 1407 1330 Hebetudo
1456 1267 1708 1331 saeculi.

796 1370 1033 1434 XXIII.
1081 1369 1174 1434 De
1218 1369 1448 1451 ubique
1494 1371 1748 1452 paratis.

764 1472 1032 1536 XXIIII.
1080 1473 1252 1536 Inter
1297 1473 1628 1555 utrumque
1672 1474 2048 1538 uiuentibus

829 1575 1025 1639 XXV.
1076 1575 1196 1656 Qui
1239 1575 1465 1640 timent
1509 1577 1573 1641 et
1615 1596 1733 1641 non
1780 1576 2055 1641 credent.

793 1677 1020 1741 XXVI.
1069 1677 1582 1760 Repugnantibus
1616 1680 1917 1744 aduersus
1960 1679 2168 1761 legem
2202 1677 2431 1744 Christi
2470 1678 2623 1763 <Dei
2668 1677 2861 1763 uiui).

763 1780 1025 1844 XXVII.
1075 1780 1278 1845 Stulte
1323 1800 1443 1845 non
1486 1782 1856 1863 permoreris
1900 1783 2052 1845 Deo.

732 1883 1027 1948 XXVIII.
1075 1883 1238 1947 Iusti
1282 1886 1633 1967 resurgunt.

702 1986 1030 2049 XXVIIII.
1078 1987 1276 2052 Diuiti
1317 1988 1640 2054 incredulo
1686 1989 1869 2052 male.

833 2089 1030 2152 XXX.
1077 2090 1322 2156 Diuites
1366 2091 1633 2156 humiles
1680 2092 1897 2156 estote.

793 2191 1024 2254 XXXI.
1071 2193 1410 2258 Iudicibus.

764 2293 1031 2357 XXXII.
1083 2293 1215 2359 Sibi
1256 2295 1667 2376 placentibus.

739 2396 1036 2459 XXXIII.
1089 2397 1457 2462 Gentilibus

702 2498 1031 2562 XXXIIII.
1080 2499 1242 2562 Item
1285 2500 1621 2580 gentilibus
1667 2500 1919 2583 ignaris.

780 2603 1034 2667 XXXV.
1082 2603 1175 2668 De
1219 2603 1387 2685 ligno
1432 2605 1600 2668 uitae
1650 2605 1712 2669 et
1756 2605 1993 2669 mortis.

744 2707 1035 2771 XXXVI.
1081 2706 1173 2771 De
1219 2708 1679 2771 crucistultitia.

707 2809 1025 2872 XXXVII.
1080 2809 1202 2890 Qui
1244 2810 1634 2876 iudaeidiant
1677 2811 1954 2876 fanatici.

670 2912 1024 2976 XXXVIII.
1075 2913 1347 2977 Iudaeis

637 3014 1026 3078 XXXVIIII.
1073 3017 1235 3080 Item
1280 3017 1550 3082 Iudaeis.

899 3117 1027 3181 XL.
1077 3120 1313 3184 Iterum
1356 3120 1525 3201 ipsis.

867 3221 1028 3284 XLI.
1075 3222 1167 3287 De
1214 3222 1594 3286 Antechristi
1637 3223 1936 3304 tempore.

739 3425 881 3478 XVI
917 3424 1018 3477 diis
1057 3428 1182 3495 Or,·
1228 3428 1303 3492 cf.
1339 3426 1522 3494 ipsias
1558 3428 1826 3481 carminis
1869 3428 2290 3496 inscriptionem
2496 3432 2701 3486 XVIII
2754 3431 2867 3499 deo]

639 3507 703 3564 ᾱό
741 3511 818 3579 0,·
854 3512 917 3564 in
953 3513 1006 3565 A
1043 3518 1095 3565 et
1130 3511 1204 3565 B¹
1230 3512 1435 3565 lacuna
1469 3511 1641 3566 wnius
1666 3528 1866 3566 uersus
1892 3518 1990 3576 est,
2028 3530 2192 3581 qnam
2215 3515 2503 3584 Riyaltins
2539 3517 2601 3569 in
2638 3517 2692 3570 B
2727 3521 2872 3569 recte

639 3596 883 3665 explewit
1087 3598 1265 3652 XXII
1299 3598 1457 3654 seculi
1494 3599 1580 3666 0‚·
1624 3598 1697 3664 cf.
1734 3599 2032 3654 acrostichi
2076 3600 2248 3653 initia
2452 3602 2622 3660 XXV
2658 3600 2872 3654 credent

638 3682 844 3751 scripsi
883 3684 976 3752 (cf.
1014 3683 1314 3738 acrostichi
1359 3684 1779 3752 inscriptionem
1822 3690 1874 3738 et
1909 3685 2138 3740 initium
2183 3704 2237 3741 a.
2273 3687 2367 3754 20)
2380 3709 2400 3756 ;
2452 3686 2671 3742 credunt
2705 3687 2870 3748 BAr3

639 3773 702 3824 in
734 3772 792 3826 G
829 3775 1104 3826 extremae
1140 3770 1359 3824 litterae
1396 3773 1608 3838 parum
1655 3771 1897 3825 dilucide
1940 3773 2187 3840 scriptae
2388 3774 2590 3828 XXVI
2626 3773 2873 3827 aduersus

638 3858 807 3925 legem
855 3855 1053 3912 Christi
1103 3854 1321 3922 (Christi
1366 3870 1464 3910 om.
1510 3858 1590 3924 r¹)
1625 3858 1739 3926 .Cr‚·
1792 3856 2038 3910 aduersus
2085 3859 2184 3925 leg.
2233 3859 2356 3926 (sic,
2404 3859 2605 3913 omisso
2653 3857 2870 3924 Christi)

641 3942 749 3995 BA
885 3942 972 3996 dei
1006 3941 1114 4000 uiui
1149 3939 1229 4005 r¹3
1269 3956 1366 3994 om.
1404 3943 1543 4008 Or²,·
1577 3943 1648 4009 cf.
1679 3959 1739 4010 p.
1776 3946 1846 3995 33
1982 3944 2155 4002 XXX
2190 3946 2392 3998 aestote
2427 3947 2484 3999 0
2613 3944 2873 3999 XXXVI

641 4028 1008 4086 crucietultitia
1043 4027 1248 4095 scripsi
1256 4048 1276 4096 ‚·
1322 4028 1482 4081 crucis
1518 4029 1748 4084 stultitia
1782 4030 1880 4084 Or
1888 4051 1908 4098 ,·
1961 4030 2058 4084 sed
2092 4030 2240 4093 uide,
2289 4048 2428 4098 qnae
2464 4031 2541 4085 ad
2577 4029 2875 4084 acrostichi

640 4113 1062 4181 inscriptionem
1079 4113 1402 4169 notanimns
1528 4115 1818 4172 XXXVII
1841 4115 1942 4179 Qui
1958 4114 2286 4169 iudaeidiant
2302 4116 2614 4183 (iudeidiant
2636 4118 2703 4184 G)
2727 4114 2875 4168 fana-

641 4198 735 4251 tici
770 4197 1034 4263 (fantatici
1070 4200 1138 4267 G)
1174 4199 1302 4255 03²
1332 4201 1419 4267 (=
1453 4201 1602 4270 Riy.)
1641 4218 1673 4253 r
1682 4222 1700 4269 ,-
1763 4201 1863 4266 Qui
1904 4200 2016 4255 Iud.
2066 4203 2279 4270 (ceteris
2327 4204 2570 4271 omissis)
2608 4204 2739 4256 B¹A

641 4286 992 4342 XXXVIIII
1026 4286 1194 4340 iudeis
1232 4289 1285 4343 0
1412 4290 1549 4344 XLI
1583 4286 1906 4341 Antechristi
1930 4289 2164 4358 scripsi;
2199 4289 2270 4355 cf.
2307 4290 2608 4345 acrostichi
2634 4287 2874 4354 inscrip-

644 4372 843 4425 tionem
879 4378 930 4425 et
965 4373 1194 4428 initium
1228 4391 1282 4428 u.
1318 4378 1379 4442 6,·
1414 4373 1724 4429 Antichristi
1762 4376 1817 4429 0
1833 4390 1865 4426 r
