3290 5187
2476 434 2670 485 XVIIII

437 596 699 680 logetico
745 599 1063 681 disputata
1107 599 1313 677 erant,
1381 600 1446 664 et
1503 599 1838 682 diligenter
1892 604 2200 683 congessit
2257 604 2321 666 et
2364 604 2674 668 recensuit

435 701 772 780 prudenter
816 704 879 765 et
924 700 1052 765 suis
1100 701 1297 767 doctis
1345 701 1970 767 commentationibus
2016 704 2204 767 auxit.

519 803 754 869 Deinde
797 821 1023 868 nouam
1069 804 1364 869 carminis
1411 804 1750 869 editionem
1802 807 2290 872 Hermannus
2334 807 2674 873 Boensch

436 904 761 987 adgressus
825 910 919 970 est
986 906 1051 969 in
1108 903 1494 971 ‘zeitschrift
1559 906 1659 971 fur
1728 906 1828 971 die
1894 906 2259 973 historische
2313 908 2668 992 Theologie’

435 1025 579 1071 ann.
613 1008 778 1072 1872
824 1027 881 1089 p.
922 1010 1043 1075 163
1073 1027 1204 1093 sqq.
1272 1010 1581 1075 Editionis
1613 1010 2075 1075 Roenschianae
2106 1013 2231 1076 tres
2263 1014 2415 1075 sunt
2442 1016 2666 1094 partae,

436 1128 697 1190 quarum
744 1113 865 1175 una
908 1112 1209 1195 praefatio
1240 1113 1611 1193 continetur,
1661 1113 1865 1178 altera
1892 1132 2052 1178 noua
2082 1114 2373 1179 carminis
2403 1118 2671 1181 recensio

433 1231 575 1276 cum
622 1215 1059 1280 commentario
1105 1215 1339 1294 critico,
1388 1216 1576 1280 tertia
1620 1217 2116 1291 commentarius,
2175 1235 2294 1298 quo
2356 1220 2418 1282 et
2473 1236 2570 1282 res
2612 1221 2675 1282 et

435 1319 620 1382 uerba
643 1319 925 1382 accurate
949 1318 1352 1399 explicantur.
1412 1319 1484 1383 In
1506 1319 1624 1384 hac
1647 1319 1836 1383 tertia
1858 1317 2139 1401 inprimis
2166 1323 2346 1400 parte
2368 1322 2529 1383 mira
2557 1319 2676 1384 uiri

432 1421 747 1485 doctrinae
789 1422 1039 1486 ubertas
1086 1421 1313 1496 enitet,
1364 1439 1504 1486 cum
1551 1420 1642 1485 ibi
1688 1440 1790 1486 eae
1838 1420 2105 1504 agantur
2147 1441 2274 1501 rea,
2346 1422 2410 1485 in
2454 1422 2676 1504 quibus

430 1523 540 1586 ille
584 1523 713 1587 iam
760 1523 866 1587 diu
910 1525 1147 1604 regnat,
1195 1523 1471 1606 uulgaris
1519 1524 1656 1588 dico
1700 1524 2035 1589 latinitatis
2079 1525 2386 1591 rationem
2420 1526 2484 1588 et
2510 1526 2674 1590 anti·

432 1628 703 1708 quitates
737 1624 1124 1691 Christianas
1155 1632 1217 1691 et
1262 1627 1602 1693 bibliorum
1649 1626 1983 1692 latinorum
2029 1628 2323 1693 lectiones
2368 1629 2675 1692 uetustaS.

526 1747 708 1810 Anno
779 1749 938 1812 1877
1005 1748 1194 1812 tertia
1261 1746 1554 1811 carminis
1622 1747 1997 1829 apologetici
2065 1748 2257 1814 editio
2326 1750 2674 1815 Ernesto

432 1849 745 1933 Ludwig
801 1852 1053 1915 curante
1107 1852 1169 1915 in
1223 1850 1597 1915 bibliotheca
1640 1851 2067 1915 Teubneriana
2111 1852 2361 1934 prodiit.
2458 1853 2673 1933 Neque

428 1952 539 2016 ille
586 1971 657 2017 ea
701 1971 766 2016 re
811 1955 1021 2018 actum
1065 1953 1225 2037 egit;
1271 1970 1411 2017 nam
1460 1972 1598 2017 cum
1643 1954 1778 2034 ipse
1818 1971 2056 2036 quoque
2087 1955 2411 2036 uulgarem
2445 1956 2667 2019 Roma-

429 2071 648 2119 norum
703 2074 1045 2122 sermonem
1101 2058 1345 2138 penitus
1391 2056 1712 2139 cognitum
1759 2055 2018 2122 haberet
2061 2060 2125 2121 et
2168 2057 2274 2122 uia
2318 2076 2391 2123 ac
2435 2057 2672 2122 ratione

429 2158 931 2240 progrederetur,
998 2158 1155 2223 satis
1218 2176 1502 2240 prospere
1549 2157 1606 2222 ei
1653 2177 1750 2222 res
1805 2161 2022 2234 cessit,
2092 2160 2293 2241 quoad
2351 2162 2484 2224 eius
2540 2160 2672 2224 sine

428 2279 589 2327 noua
633 2261 857 2327 codicis
903 2261 1385 2327 Mediomontani
1431 2261 1762 2326 collatione
1810 2262 1944 2325 fieri
1990 2263 2216 2343 potuit.

537 2467 652 2538 Dc
693 2485 892 2536 noua
939 2463 1342 2536 collatione
1388 2463 1726 2536 codicum
1771 2465 2561 2536 Mediomontanorum.

521 2606 684 2685 Quas
729 2608 909 2669 modo
955 2604 1437 2668 memorauimus
1484 2604 1780 2667 carminis
1836 2604 2202 2686 apologetici
2262 2604 2566 2668 editiones
2613 2606 2676 2667 et

426 2708 1004 2783 commentationeS,
1074 2725 1179 2771 eae
1223 2724 1433 2771 omnes
1482 2707 1615 2770 sola
1660 2706 1871 2770 Pitrae
1916 2706 2250 2770 collatione
2295 2704 2673 2782 nitebantur,

425 2829 803 2894 quamquam
847 2811 951 2874 hic
992 2810 1125 2892 ipse
1167 2809 1479 2874 fatebatur
1513 2806 1830 2889 ‘raptim
1875 2827 1939 2872 se
1984 2808 2268 2890 ignotum
2303 2805 2567 2874 carmen'
2603 2828 2674 2872 ex

424 2914 628 2979 codice
688 2912 1082 2994 descripsisse
1109 2910 1214 2992 ¹⁸).
1288 2912 1505 2993 Itaque
1567 2911 1723 2976 uiris
1781 2911 2217 2993 amplissimis,
2287 2911 2392 2992 qui
2438 2913 2673 2993 corpori

422 3018 799 3099 scriptorum
843 3015 1395 3080 ecclesiasticorum
1442 3012 1779 3078 latinorum
1825 3014 1997 3077 iussu
2029 3015 2092 3077 et
2121 3014 2473 3096 sumptibus
2508 3017 2673 3078 Aca-

423 3120 664 3184 demiae
709 3118 1036 3200 Caesareae
1085 3116 1571 3181 Vindobonensis
1618 3115 1854 3180 edendo
1898 3119 2214 3198 praesunt,
2262 3132 2480 3197 operae
2526 3134 2673 3197 pre-

426 3222 588 3286 tium
634 3239 766 3286 esse
810 3219 1020 3285 uisum
1066 3219 1193 3298 est,
1264 3236 1486 3283 nouam
1539 3218 1772 3283 codicis
1816 3218 2305 3284 Mediomontani·
2345 3218 2671 3284 instituere

429 3323 844 3388 collationem.

511 3444 592 3507 Et
635 3442 836 3524 primo
882 3440 1270 3506 Henricus
1315 3439 1753 3523 Stephanus
1801 3440 2250 3523 Sedlmayer
2295 3458 2450 3504 anno
2487 3442 2670 3516 1879,

425 3546 576 3611 dum
622 3546 882 3610 aliorum
928 3543 1317 3628 negotiorum
1366 3561 1549 3608 causa
1586 3542 2016 3609 Cheltenhami
2061 3545 2365 3619 uersatur,
2413 3543 2668 3608 illorum

425 3649 700 3711 uirorum
745 3648 987 3711 monitu
1031 3664 1153 3711 non
1201 3646 1400 3710 solum
1460 3646 1735 3710 codicem
1786 3645 1981 3725 1825,
2052 3663 2169 3726 quo
2228 3646 2665 3710 instructiones

426 3750 852 3829 continentur,
921 3751 1029 3814 sed
1098 3749 1288 3814 etiam
1356 3749 1623 3813 codicem
1677 3748 1918 3827 12261,
1988 3748 2147 3812 unde
2189 3749 2364 3812 Pitra
2421 3767 2670 3813 carmen

422 3853 879 3938 apologeticum
941 3853 1170 3931 edidit,
1238 3852 1510 3935 inspexit
1556 3856 1618 3915 et
1664 3853 1984 3934 utriusque
2029 3851 2379 3916 conferendi
2429 3852 2672 3933 pericu-

422 3956 559 4020 lum
625 3956 787 4021 fecit.
883 3956 1242 4020 Extremam
1310 3960 1517 4019 autem
1588 3953 1881 4019 carminis
1949 3952 2309 4035 apologetici
2379 3953 2667 4035 paginam

422 4061 624 4122 totam
667 4060 950 4122 accurate
996 4057 1274 4141 depinxit
1320 4058 1382 4120 et
1426 4057 1697 4139 uestigia
1740 4055 2103 4139 scripturae,
2151 4073 2306 4136 quae
2342 4074 2568 4138 magna
2600 4074 2670 4118 ex

421 4162 599 4242 parte
634 4162 985 4236 euanuerat,
1033 4159 1311 4224 studiose
1346 4159 1687 4241 indagauit.
1761 4158 1927 4239 Quas
1972 4158 2079 4221 ille
2112 4177 2180 4221 ex
2213 4161 2476 4239 utroque
2507 4156 2668 4221 libro

510 4347 568 4413 ²⁸)
610 4347 793 4415 Spicil.
832 4346 1045 4400 Solesm.
1083 4345 1158 4398 IV
1194 4363 1242 4414 p.
1280 4345 1396 4397 222.

2402 4447 2465 4498 b*
