3290 5187
2528 491 2666 536 xvn

426 678 648 733 narum
679 658 989 740 exemplar
1018 658 1151 739 ipse
1183 658 1432 723 uidetur
1466 655 1825 740 inspexisse,
1874 658 2095 739 quibus
2127 676 2234 722 cur
2265 677 2387 723 non
2420 659 2665 740 saepius

425 763 490 826 et
533 761 923 828 constantius
968 780 1116 826 usus
1163 761 1266 839 sit,
1313 761 1497 826 ualde
1542 762 1893 826 mirandum
1939 764 2051 825 est.

509 863 796 931 Ceterum
841 885 918 930 ne
963 865 1076 929 hoc
1120 863 1368 947 quidem
1415 862 1783 928 sufficiebat.
1861 862 2155 930 Omnium
2212 866 2485 948 primum
2544 868 2664 948 ipsi

424 968 657 1033 codices
718 985 865 1033 mss.
934 970 1191 1032 tandem
1245 967 1576 1048 aliquando
1644 967 1911 1032 adeundi
1968 971 2165 1033 erant.
2240 968 2375 1034 Hoc
2429 969 2663 1050 primus

422 1075 559 1154 post
602 1071 929 1137 Baluzium
976 1071 1040 1137 J.
1085 1071 1159 1136 Β.
1205 1070 1432 1135 Pitra
1476 1070 1657 1145 fecit,
1728 1071 1833 1153 qui
1899 1070 1963 1134 in
2031 1070 2340 1153 spicilegii
2403 1070 2659 1136 Solesm.

420 1175 735 1241 uolumine
778 1174 867 1239 IV
913 1195 972 1257 p.
1022 1175 1149 1240 224
1193 1192 1325 1256 sqq.
1392 1175 1595 1239 uarias
1664 1172 1962 1238 lectiones
2030 1173 2307 1239 codicum
2368 1175 2504 1246 BA
2558 1194 2661 1239 ex-

421 1279 687 1363 scripsit.
763 1277 895 1358 Quo
941 1279 1005 1342 in
1052 1296 1231 1359 opere
1278 1296 1419 1342 cum
1467 1278 1709 1341 uideret
1761 1280 1991 1357 quanta
2048 1277 2302 1342 licentia
2347 1281 2409 1341 et
2451 1279 2659 1362 negle-

422 1381 635 1465 gentia
678 1382 994 1466 Rigaltius
1040 1382 1104 1445 in
1150 1380 1419 1445 editione
1463 1380 1726 1461 egisset,
1796 1397 1916 1444 non
1981 1380 2209 1444 iniuria
2255 1380 2659 1461 proditionem

421 1484 624 1567 potius
670 1485 847 1549 illam
894 1483 1320 1548 Commodiani
1367 1501 1554 1564 quam
1600 1482 1933 1547 editionem
1977 1501 2105 1547 esse
2150 1483 2321 1549 dixit.

506 1589 678 1653 Haec
708 1589 886 1652 Pitra
916 1603 1078 1651 anno
1114 1587 1275 1651 1858
1308 1585 1655 1667 scripserat.
1713 1584 1832 1651 Sed
1878 1585 2172 1651 uicesimo
2218 1589 2465 1651 demum
2501 1605 2658 1652 anno

417 1694 559 1773 post
613 1691 852 1773 prodito
908 1689 1343 1756 Commodiano
1402 1691 1480 1756 ab
1524 1690 1872 1753 Ernesto.
1906 1690 2226 1772 Ludwig
2286 1691 2658 1755 subuentum

418 1799 529 1872 est,
577 1794 702 1875 qui,
751 1811 891 1858 cum
938 1811 1165 1859 nouam
1212 1793 1542 1857 editionem
1568 1790 1648 1874 ⁹⁶)
1699 1796 1965 1877 pararet,
2013 1796 2084 1857 ut
2124 1809 2311 1875 supra
2340 1793 2470 1857 iam
2501 1794 2657 1858 dixi-

417 1915 578 1971 mus,
645 1898 819 1963 codd.
864 1897 1000 1967 BA
1067 1898 1263 1962 denuo
1332 1895 1746 1978 perlustrauit
1815 1900 1876 1960 et
1945 1896 2300 1961 Parisinum
2367 1896 2655 1979 inprimis

416 2001 661 2065 secutus
727 2002 1058 2083 permultis
1126 2000 1275 2064 locis
1341 2017 1554 2063 ueram
1620 1998 1958 2065 lectionem
2026 1996 2292 2063 feliciter
2357 2000 2654 2065 restituit.

414 2102 590 2168 Idem
655 2103 718 2167 in
783 2103 1167 2184 praefatione
1235 2105 1599 2185 apparatum
1670 2102 1958 2166 criticum
2021 2102 2082 2165 et
2136 2100 2203 2166 in
2270 2102 2389 2166 fine
2455 2101 2657 2167 libelli

413 2205 648 2270 indices
707 2209 991 2271 accurate
1046 2206 1385 2288 conpositos
1445 2204 1705 2270 addidit.
1811 2203 1924 2269 Cui
1979 2205 2031 2269 si
2075 2204 2656 2272 Cheltenhamensis

416 2327 653 2391 quoque
697 2308 924 2373 codicis
970 2310 1146 2392 copia
1192 2312 1353 2374 esset
1398 2309 1578 2386 facta,
1623 2308 1824 2372 totam
1869 2309 2119 2373 uidetur
2162 2327 2291 2372 rem
2337 2309 2657 2374 absolutu-

411 2430 517 2477 rus
562 2412 767 2476 fuisse.

770 2585 882 2655 De
933 2583 1186 2655 codice
1232 2603 1363 2655 ms.
1412 2581 1765 2654 carminis
1811 2581 2289 2669 apologetici.

497 2720 760 2787 Carmen
808 2722 1258 2804 apologeticum
1305 2740 1424 2786 uno
1470 2723 1674 2786 codice
1721 2739 1837 2785 ms,
1872 2722 2244 2807 continetur,
2294 2723 2401 2804 qui
2432 2725 2497 2788 et
2525 2723 2655 2806 ipse
2680 2737 2782 2831 0031-
2817 2738 3079 2836 '‘Q‘’ffw·

408 2824 473 2890 in
531 2824 933 2889 celeberrima
986 2825 1102 2891 illa
1158 2823 1539 2890 bibliotheca
1583 2823 2093 2889 Mediomontana
2137 2825 2238 2890 uel
2283 2824 2655 2891 Cheltenha-
2753 2801 2861 2833 ’ω
2885 2820 2938 2828 “
3013 2823 3024 2834 ’

408 2928 606 2992 mensi
651 2930 953 2992 seruatur.
1020 2929 1206 2993 Hunc
1250 2927 1523 2993 codicem
1568 2926 1753 3009 paulo
1800 2929 1965 3002 ante,
2012 2945 2198 3009 quam
2234 2927 2398 3011 typis
2430 2927 2654 2993 exscri-

408 3028 686 3112 beretur,
753 3050 823 3094 ex
879 3030 1065 3094 Italia
1117 3028 1326 3113 ‘quasi
1371 3048 1403 3094 e
1447 3030 1657 3094 uetere
1714 3029 1975 3096 libraria
2024 3026 2341 3095 Bobiensi'
2393 3032 2654 3097 allatum

409 3152 540 3198 esse
583 3133 758 3199 Pitra
812 3134 875 3198 in
934 3134 1384 3218 prolegomenis
1430 3154 1491 3217 p.
1536 3133 1722 3199 XVII
1767 3135 2053 3200 testatur.
2122 3134 2237 3199 Est
2293 3135 2402 3200 ille
2453 3153 2674 3199 mem-¹

407 3235 772 3317 branaceuS,
819 3237 1099 3320 signatus
1144 3256 1400 3303 numero
1438 3237 1663 3316 12261‚
1696 3236 1958 3321 {saeculo
1993 3237 2145 3302 VIII
2190 3238 2319 3303 fere
2364 3239 2652 3321 scriptus.

406 3339 484 3404 In
529 3359 596 3406 eo
643 3359 889 3405 carmen
934 3340 1387 3424 apologeticum
1433 3359 1468 3405 a
1513 3340 1660 3404 folio
1696 3341 1845 3405 182v
1889 3359 2081 3423 usque
2125 3343 2201 3406 ad
2247 3340 2470 3405 folium
2505 3341 2656 3405 19ἸΤ

406 3444 598 3525 patet.
656 3443 950 3508 Extrema
990 3443 1220 3527 pagina
1259 3443 1391 3508 situ
1434 3444 1496 3508 et
1539 3442 1728 3508 tineis
1772 3444 1902 3508 tam
1948 3444 2111 3508 male
2156 3442 2378 3508 habita
2421 3445 2533 3527 est,
2580 3445 2653 3509 ut

416 3547 762 3627 scripturae
806 3545 1117 3612 interdum
1165 3551 1274 3611 aut
1317 3564 1620 3628 perpauca
1664 3551 1772 3611 aut
1818 3546 1993 3611 nulla
2022 3547 2339 3627 supersint
2368 3547 2651 3629 uestigia.

411 3649 812 3714 Antecedunt
857 3651 1158 3730 quaedam
1204 3647 1540 3732 Augustini
1586 3654 1651 3715 et
1695 3649 2059 3732 Hieronymi
2102 3649 2412 3732 opuscula.
2481 3650 2650 3714 Folio

408 3748 574 3830 1821,
634 3754 706 3824 ut
751 3752 843 3815 ait
886 3750 1092 3828 Pitra,
1160 3752 1313 3816 haec
1357 3755 1452 3816 est
1494 3750 1849 3831 inscriptio:
1907 3748 2169 3832 ‘Incipit
2214 3751 2651 3832 argumentum

404 3853 755 3937 Augustini
801 3853 1066 3937 episcopi
1096 3856 1172 3919 ad
1204 3855 1504 3938 Alypium
1543 3851 1956 3937 episcopum’3
2004 3853 2242 3936 reliqua
2285 3872 2426 3936 pars
2470 3854 2648 3938 pagi-

402 3974 521 4020 nae
567 3975 766 4022 uacua
825 3961 952 4041 est3
1020 3957 1088 4022 in
1147 3959 1342 4022 altero
1396 3960 1608 4023 autem
1653 3958 1786 4022 folii
1834 3958 2030 4022 latere
2078 3957 2288 4040 (182¹)
2335 3958 2502 4024 nullo
2548 3960 2649 4024 uel

403 4059 675 4123 auctoris
722 4061 967 4124 nomine
1011 4060 1113 4123 uel
1158 4061 1449 4124 carminis
1482 4061 1666 4125 titulo
1699 4061 1931 4142 scripto
1963 4059 2161 4142 ipsius
2193 4061 2489 4125 carminis
2519 4062 2646 4126 ini-

396 4162 564 4226 tium
608 4162 954 4227 inuenitur:
2511 4171 2514 4176 '

554 4263 702 4344 Quis
747 4266 980 4348 poterit
1021 4284 1215 4331 unum
1260 4266 1505 4349 proprie
1552 4267 1746 4331 Deum
1798 4284 1977 4331 nosse
2024 4267 2332 4331 caelorum
2379 4269 2497 4333 etc.

485 4418 550 4486 2⁵)
584 4417 796 4487 Lipsiae
832 4419 888 4473 in
926 4419 1141 4474 aedibus
1175 4418 1238 4472 B.
1275 4419 1339 4473 G.
1377 4418 1653 4476 Teubneri.
1688 4417 2227 4478 MDCCOLXXVIII.

507 4522 623 4575 XV.
2407 4522 2442 4576 b
