3290 5187
605 488 772 534 XVIII

694 655 1076 718 Litterarum
1123 653 1316 718 ferme
1361 653 1710 718 minuscula
1765 656 1857 717 est
1918 653 2147 732 forma,
2220 652 2345 717 nisi
2402 655 2564 736 quod
2625 654 2856 737 singuli

609 775 825 822 uersus
858 775 896 821 a
920 756 1188 839 singulis
1218 755 1577 820 uncialibus
1619 755 1851 821 litteris
1895 754 2151 820 initium
2197 755 2469 838 capiunt,
2518 757 2661 821 ante
2704 774 2855 839 quas

608 861 905 942 punctum
965 875 1154 941 supra
1209 858 1444 922 lineam
1509 859 1653 941 poni
1719 857 1874 922 solet
1939 857 2017 922 ad
2084 875 2300 923 uersus
2357 857 2849 941 distinguendos,

608 962 715 1045 qui
757 965 1075 1043 praeterea
1119 977 1239 1024 uno
1285 964 1500 1024 tenore
1544 959 1762 1042 scripti
1806 966 1970 1025 sunt.
2016 960 2176 1025 Raro
2208 958 2503 1025 librarius
2547 980 2656 1042 per
2683 961 2848 1026 totos

609 1083 825 1130 uersus
857 1063 1094 1128 unciali
1125 1064 1434 1146 scriptura
1467 1064 1782 1147 utebatur,
1830 1065 2007 1128 uelut
2051 1083 2111 1128 u.
2163 1062 2545 1130 138—140.
2603 1066 2857 1130 Praeter

609 1169 875 1251 primam
917 1167 1157 1231 librarii
1203 1185 1462 1232 manum
1509 1168 1708 1232 altera
1753 1185 1995 1250 quoque
2039 1169 2338 1246 occurrit,
2407 1186 2566 1250 quae
2608 1170 2741 1234 siue
2785 1187 2855 1233 ex

610 1273 743 1352 ipso
789 1269 1020 1334 codicis
1061 1270 1136 1340 M
1181 1268 1513 1352 archetypo
1560 1269 1694 1334 siue
1751 1288 1821 1334 ex
1879 1270 2002 1335 alio
2060 1270 2405 1352 antiquiore
2449 1270 2629 1352 libro,
2699 1288 2856 1353 quae

612 1377 719 1437 aut
762 1391 1085 1456 perperam
1128 1374 1359 1455 scripta
1402 1373 1511 1437 aut
1540 1375 1771 1437 omissa
1798 1372 2067 1450 fuerunt,
2114 1372 2444 1456 diligenter
2476 1373 2851 1456 corrigebat.

611 1563 725 1632 De
769 1560 1228 1631 editionibus
1283 1560 1637 1631 carminis
1683 1561 2141 1648 apologetici
2186 1563 2264 1632 et
2309 1562 2858 1632 commentatio-

1366 1664 1592 1734 nibus
1637 1664 2110 1750 quibusdam.

699 1802 969 1879 PrimuS,
1017 1800 1090 1864 ut
1133 1799 1260 1864 iam
1306 1800 1595 1877 diximus,
1640 1800 1705 1867 J.
1739 1802 1810 1866 B.
1845 1801 2068 1867 Pitra
2111 1819 2360 1867 carmen
2404 1802 2860 1886 apologeticum

617 1923 687 1968 ex
743 1903 980 1986 codice,
1044 1920 1230 1985 quem
1291 1903 1617 1968 Thomas
1670 1902 2101 1987 Phillipps‚
2169 1903 2580 1969 bibliothecae
2622 1903 2860 1970 Medio·

615 2011 943 2072 montanae
987 2004 1282 2087 conditor,
1327 2005 1425 2069 illi
1468 2006 2019 2089 peruestigandum
2049 2007 2409 2086 tradiderat,
2455 2009 2520 2071 in
2550 2006 2859 2089 spicilegii

619 2109 1017 2177 Solesmensis
1074 2108 1395 2172 uolumine
1443 2108 1473 2172 I
1529 2128 1691 2174 anno
1742 2110 1907 2175 1852
1963 2110 2176 2177 edidit.
2268 2109 2500 2175 Textus
2568 2111 2859 2174 carminis

616 2214 748 2279 illic
792 2232 829 2276 a
872 2212 1101 2295 pagina
1148 2210 1233 2275 20
1291 2230 1482 2293 usque
1541 2213 1617 2277 ad
1665 2232 1724 2294 Ρ.
1772 2213 1856 2277 49
1913 2213 2205 2294 pertinet.
2296 2212 2740 2278 Praemittitur
2795 2213 2860 2276 in

619 2316 1063 2399 prolegomenis
1106 2334 1166 2397 p.
1212 2314 1655 2380 XVI—XXV
1702 2315 2143 2380 commentatio
2191 2314 2464 2382 editoris,
2531 2315 2861 2380 Praeterea

620 2437 815 2484 nouae
838 2416 1111 2482 eiusdem
1133 2435 1314 2481 curae
1344 2422 1729 2482 accesserunt
1762 2418 1827 2483 in
1853 2418 2065 2482 eodem
2093 2417 2412 2482 uolumine
2435 2437 2494 2499 Ρ.
2521 2419 2646 2483 537
2655 2417 2861 2482 -543

620 2521 683 2588 et
724 2523 789 2586 in
833 2520 1146 2585 uolumine
1189 2520 1282 2584 IV
1313 2538 1471 2585 anno
1508 2520 1676 2587 1858
1721 2522 1882 2586 edito
1922 2541 1981 2605 p.
2015 2521 2386 2601 222—224,
2433 2521 2543 2585 ubi
2590 2525 2864 2586 extrema

620 2644 762 2710 pars
808 2623 1099 2689 carminis
1131 2642 1199 2688 ex
1229 2622 1566 2689 recentiore
1598 2625 1873 2690 Thomae
1903 2625 2213 2708 Phillipps
2259 2624 2589 2689 collatione
2633 2626 2861 2688 iterum

620 2726 1072 2792 recensebatur.

706 2833 885 2897 Anno
941 2831 1080 2910 post
1138 2829 1405 2911 primum
1467 2829 1779 2914 spicilegii
1827 2830 2232 2897 Solesmensis
2276 2831 2571 2896 uolumen
2627 2823 2866 2894 editum

621 2933 681 3000 J.
728 2934 797 2998 L.
845 2935 890 3000 J
904 2932 1135 2999 acobi
1179 2932 1764 2997 commentationem
1815 2933 2099 3015 scripsit,
2147 2952 2265 3015 qua
2311 2933 2660 3015 quaeritur,
2708 2950 2864 3013 quae

620 3037 809 3103 fuerit
851 3035 1279 3101 Commodiani
1325 3036 1401 3099 de
1445 3037 1729 3100 trinitate
1781 3035 1988 3118 opinio
2013 3033 2120 3118 ²⁶).

708 3139 871 3205 Satis
916 3138 1102 3221 longo
1145 3137 1469 3202 interiecto
1517 3140 1811 3222 temporis
1861 3140 2061 3220 spatio
2092 3157 2252 3210 noua
2281 3138 2388 3202 lux
2415 3136 2855 3204 Commodiano

622 3241 893 3321 adfulsit,
942 3259 1082 3305 cum
1114 3257 1276 3305 anno
1312 3240 1478 3306 1870
1521 3253 1610 3320 ea,
1659 3258 1820 3322 quae
1870 3239 2213 3305 Adolfus
2258 3239 2510 3304 Ebert
2562 3240 2630 3303 in
2673 3239 2864 3304 Saxo-

625 3348 761 3411 nica
802 3346 1157 3409 litterarum
1201 3344 1497 3408 societate
1540 3343 1835 3426 inprimis
1881 3345 1955 3408 de
1999 3344 2268 3418 ratione,
2325 3343 2589 3426 origine,
2657 3329 2864 3408 aetate

626 3447 916 3513 carminis
946 3447 1122 3510 docte
1152 3449 1214 3510 et
1243 3446 1557 3529 ingeniose
1591 3445 2045 3527 disputaverat,
2093 3444 2258 3527 typis
2302 3444 2743 3509 mandarentur
2756 3443 2863 3524 Ψ.

625 3553 780 3617 Inde
835 3550 1171 3633 coeperunt
1226 3551 1287 3614 et
1339 3548 1645 3632 philologi
1694 3552 1757 3613 et
1799 3549 2075 3633 theologi
2123 3547 2562 3614 Commodiano
2605 3548 2715 3612 diu
2758 3566 2869 3612 ne-

626 3655 826 3740 glecto
874 3651 1162 3717 certatim
1205 3669 1454 3734 operam
1497 3670 1748 3719 nauare.

714 3754 917 3821 Adolfi
960 3753 1152 3818 Ebert
1197 3755 1465 3836 uestigia
1508 3755 1737 3837 pressit
1781 3753 2107 3819 Carolus
2152 3754 2602 3831 Leimbach,
2651 3752 2759 3836 qui
2806 3754 2867 3817 in

626 3857 1081 3943 programmate
1147 3857 1426 3939 paschali
1494 3858 1742 3922 scholae
1795 3856 2017 3922 ·ciuilis
2083 3856 2421 3939 superioris
2480 3856 2872 3921 Schmalcal-

630 3961 830 4026 densis
874 3979 1032 4026 anno
1079 3959 1239 4025 1871
1289 3959 1487 4038 edito,
1541 3978 1696 4041 quae
1742 3962 1819 4025 ad
1863 3959 1928 4023 id
1971 3960 2244 4025 locorum
2290 3959 2366 4024 de
2411 3960 2680 4024 carmine
2725 3976 2869 4041 apo-

717 4146 773 4215 2«)
815 4146 1222 4201 Commodianus
1258 4146 1368 4199 und
1403 4146 1488 4200 die
1522 4145 1899 4200 altkirchliche
1936 4147 2367 4201 Trinitatslehre.
2425 4145 2693 4201 Deutsche
2729 4145 2872 4202 Zeit-

631 4234 824 4289 schrift
857 4234 898 4285 f.
933 4232 1137 4286 christl.
1176 4232 1494 4288 wissensch.
1531 4249 1581 4286 u.
1621 4233 1828 4289 christl.
1867 4232 2057 4288 Leben.
2103 4232 2238 4288 1853
2273 4249 2325 4301 Ρ.
2360 4232 2670 4286 203-209.

720 4321 779 4389 ²⁷)
816 4318 1086 4373 Abhandl.
1125 4319 1217 4372 der
1252 4318 1651 4388 philol.-histor.
1690 4319 1870 4374 Classe
1918 4320 2011 4374 der
2046 4320 2248 4389 konigl.
2285 4318 2451 4373 sacha.
2492 4317 2778 4372 Gesellsch.
2816 4316 2868 4370 d.

634 4407 949 4462 Wissensch.
986 4406 1034 4460 V
1072 4404 1242 4475 (18⁷0)
1281 4424 1331 4475 p.
1366 4405 1467 4460 387
1477 4406 1679 4461 -420.
