3290 5187
2605 396 2686 442 111

508 561 715 644 Longo
762 562 1095 628 interuallo
1139 563 1382 644 primus
1428 563 1762 629 Iacobus
1808 563 2294 643 SirmonduS‚
2344 566 2438 630 vir
2470 566 2687 632 claris·

426 666 639 748 simu8‚
689 654 1013 731 uetustum
1057 666 1551 733 instructionum
1597 669 1909 749 exemplar
1953 671 2173 734 nactus
2215 670 2282 733 in
2314 664 2384 734 ea
2415 672 2689 735 carmina

427 770 705 833 animum
750 768 1020 834 intendit
1065 773 1127 834 et
1171 770 1239 834 in
1283 769 1550 835 editione
1597 789 1712 835 sua
1755 772 2058 846 Ennodii,
2107 791 2264 854 quae
2310 791 2471 837 anno
2521 772 2685 837 1611

428 890 647 936 excusa
692 876 817 951 est,
892 873 970 937 ad
1015 872 1168 938 duos
1213 873 1376 938 locos
1427 873 1883 951 inlustrandoS‚
1958 875 2135 955 epist.
2182 875 2245 939 11
2293 876 2325 939 1
2376 877 2441 940 et
2484 875 2578 940 VI
2620 876 2695 953 9,

432 973 690 1039 alterius
737 975 1221 1039 instructionum
1268 976 1416 1041 libri
1451 976 1834 1042 acrostichon
1865 977 2107 1041 XXVII
2139 977 2475 1060 integrum,
2522 994 2689 1042 acro-

428 1076 618 1141 stichi
648 1077 893 1142 XXXII
937 1079 1211 1160 quinque
1241 1098 1455 1144 uersus
1488 1078 1812 1162 allegauit.
1881 1081 2061 1145 Idem
2091 1082 2228 1145 siue
2259 1081 2470 1162 ipsum
2502 1099 2684 1162 quem

431 1180 763 1246 inuenerat
810 1181 1084 1246 codicem
1131 1182 1266 1247 siue
1311 1182 1672 1267 apographa
1717 1185 1846 1249 eius
1894 1201 2037 1248 cum
2082 1184 2304 1248 amicis
2351 1183 2693 1249 liberaliter

431 1283 949 1359 communicauit‚
1019 1286 1216 1362 unde,
1283 1290 1355 1351 ut
1408 1289 1498 1351 ait
1544 1287 1961 1369 Rigaltius
2021 1290 2088 1352 in
2150 1287 2535 1371 praefatione
2593 1286 2692 1351 in-

432 1387 868 1470 structionum,
904 1387 1386 1454 Commodianus
1421 1389 1717 1473 ‘benigne
1762 1388 1960 1471 excipi
1989 1408 2063 1454 ac
2093 1390 2290 1456 foueri
2324 1392 2569 1471 coepit.'
2620 1390 2689 1453 In

432 1509 641 1554 eorum
687 1492 1031 1557 amicorum
1077 1511 1336 1558 numero
1381 1493 1504 1558 fuit
1551 1492 1973 1558 Gilbertus
2020 1492 2523 1571 Gaulminus‚
2585 1493 2693 1574 qui

432 1593 496 1656 in
528 1596 989 1674 commentariO,
1040 1614 1223 1677 quem
1256 1596 1473 1661 libello
1505 1596 1827 1661 Eustathii
1861 1597 1936 1662 de
1966 1595 2272 1661 Ismeniae
2304 1597 2368 1661 et
2412 1596 2692 1661 Ismenes

436 1695 749 1760 amoribus
810 1715 967 1762 anno
1019 1697 1184 1762 1618
1231 1699 1520 1764 Lutetiae
1578 1699 1964 1764 Parisiorum
2024 1700 2103 1764 ab
2163 1700 2300 1780 ipso
2362 1699 2527 1763 edito
2585 1702 2696 1763 ad-

435 1792 671 1875 iunxit,
719 1799 981 1864 alterius
1027 1801 1512 1866 instructionum
1556 1801 1706 1866 libri
1753 1800 2086 1866 acrostichi
2129 1801 2284 1866 XVI
2329 1820 2432 1866 sex
2480 1819 2695 1866 uersus

437 1900 634 1978 affert,
682 1920 832 1985 quos
880 1903 1275 1987 descripsisse
1322 1923 1388 1968 se
1424 1902 1527 1968 ‘ex
1573 1904 1782 1968 codice
1827 1905 1898 1968 P.
1947 1904 2285 1970 Sirmondi'
2335 1904 2505 1968 dicit.

522 2004 682 2068 Tum
743 2024 986 2088 quoque
1045 2007 1188 2088 plus
1250 2006 1515 2089 triginta
1559 2007 1709 2071 anni
1774 2007 2263 2088 praeterierunt,
2331 2009 2693 2089 priusquam

436 2110 722 2173 uniuersa
782 2110 1129 2174 acrosticha
1187 2108 1506 2174 Nicolai
1566 2109 1919 2191 Rigaltii
1987 2129 2170 2191 opera
2238 2108 2476 2191 publici
2543 2108 2700 2172 iuris

437 2211 671 2277 fierent.
740 2211 931 2277 Cuius
977 2212 1268 2295 editione,
1317 2232 1475 2295 quae
1507 2232 1665 2278 anno
1705 2213 1910 2283 1649
1945 2213 2117 2279 Tulli
2149 2215 2501 2277 Leucorum
2532 2214 2700 2296 typis

439 2317 742 2398 exscripta
788 2319 899 2395 est,
949 2335 1327 2397 quamquam
1375 2319 1632 2382 cautum
1680 2320 1832 2393 erat,
1879 2335 1957 2380 ne
2002 2315 2430 2381 Commodiani
2477 2333 2700 2380 nomen

440 2437 652 2483 rursus
699 2418 1013 2483 obliuione
1059 2418 1442 2497 obrueretur,
1498 2422 1710 2483 tamen
1758 2419 2090 2484 etiamtum
2135 2438 2245 2499 per
2291 2421 2408 2484 duo
2455 2417 2701 2482 saecula

440 2523 602 2586 solae
624 2522 1070 2587 instructiones
1096 2522 1229 2586 eius
1256 2522 1687 2601 noscebantur,
1716 2540 1857 2585 cum
1883 2539 2041 2586 anno
2061 2522 2267 2591 1852
2294 2541 2330 2587 a
2354 2521 2594 2585 Iohan
2611 2541 2650 2583 n
2670 2541 2701 2584 e

442 2626 814 2707 Baptista
873 2627 924 2690 P
941 2628 1100 2691 itra
1159 2627 1222 2691 in
1283 2627 1484 2709 primo
1546 2626 1870 2691 uolumine
1931 2626 2246 2709 spicilegii
2292 2625 2700 2690 Solesmensis

443 2747 691 2793 carmen
739 2730 978 2793 editum
1025 2733 1139 2806 est,
1186 2733 1347 2811 quod
1394 2730 1569 2794 nullo
1617 2731 1887 2794 auctoris
1936 2729 2184 2793 nomine
2229 2728 2597 2811 inscriptum
2638 2728 2704 2791 in

445 2832 647 2897 codice
694 2834 963 2915 quodam
990 2833 1408 2899 bibliothecae
1442 2834 1983 2897 Mediomontanae
2015 2831 2149 2896 siue
2180 2830 2705 2896 Middlehillensis

469 2941 797 3017 nuenerat‚
866 2938 1194 3000 inuentum
1263 2935 1695 3018 descripserat.
1788 2935 1963 3014 Quod
2020 2952 2272 2999 carmen
2326 2935 2474 3015 quia
2518 2934 2702 2998 homo

464 3041 859 3106 doctissimus
918 3040 1174 3104 uidebat
1229 3044 1289 3104 et
1347 3038 1530 3102 rebus
1587 3042 1648 3102 et
1708 3038 1913 3102 uerbis
1974 3041 2034 3101 et
2094 3056 2387 3102 uersuum
2468 3037 2708 3100 ratione

446 3144 678 3207 mirum
723 3144 1035 3224 quantum
1081 3161 1224 3206 cum
1269 3140 1790 3206 instructionibus
1824 3138 2251 3204 Commodiani
2284 3157 2615 3221 congruere
2636 3136 2709 3218 ³),

446 3266 566 3312 non
632 3246 954 3311 dubitauit
1010 3244 1435 3310 Commodiani
1503 3261 1733 3308 nomen
1791 3244 1848 3306 ei
1906 3261 2296 3325 praeponere.
2387 3243 2521 3306 Hoc
2568 3260 2704 3305 eum

448 3352 612 3417 iusto
657 3352 791 3415 iure
836 3350 1058 3415 fecisse
1104 3368 1305 3431 neque
1348 3349 1563 3431 fugere
1610 3365 1985 3430 quemquam
2031 3348 2262 3428 potest,
2309 3347 2416 3428 qui
2447 3347 2567 3410 duo
2598 3346 2712 3410 illa

450 3455 725 3520 carmina
767 3454 930 3519 inter
976 3474 1041 3518 se
1087 3453 1568 3536 comparauerit‚
1638 3455 1701 3516 et
1759 3449 2096 3515 Adolfus
2158 3449 2390 3515 Ebert
2415 3446 2466 3529 ⁴)
2534 3451 2711 3512 nouis

450 3558 700 3639 insuper
743 3557 958 3621 allatis
1007 3557 1394 3640 argumentis
1439 3559 1650 3637 aperte
1697 3554 1929 3621 docuit.
2010 3552 2142 3631 Quo
2190 3552 2429 3616 factum
2477 3555 2592 3632 est,
2633 3557 2713 3626 ¹ut

452 3660 892 3726 Commodiano
938 3661 1035 3724 tot
1081 3658 1344 3724 saeculis
1389 3658 1736 3722 interiectis
1768 3676 1881 3721 sua
1911 3656 2170 3721 tandem
2202 3641 2715 3721 restituerentur.

1049 3849 1159 3918 De
1208 3847 1548 3918 fontibus
1596 3845 2131 3918 Commodiani.

543 3988 628 4051 Vt
698 3986 807 4052 alii
872 3986 1203 4068 scriptores
1273 3982 1714 4064 ecclesiastici,
1780 3984 1874 4047 ita
1934 3980 2417 4047 Commodianus
2478 3997 2718 4062 quoque

451 4091 686 4155 multas
744 4091 810 4155 et
869 4108 986 4176 res
1024 4090 1090 4153 et
1155 4088 1498 4152 sententias
1558 4106 1626 4151 ex
1685 4085 1880 4151 sacris
1944 4085 2170 4149 litteris
2224 4083 2553 4148 mutuatus
2599 4082 2716 4147 est.

544 4245 579 4310 ³)
620 4243 804 4311 Spicil.
844 4242 1064 4295 Solesm.
1100 4241 1206 4294 uol.
1243 4241 1272 4295 I
1309 4241 1507 4309 proleg.
1546 4255 1597 4308 p.
1633 4238 1825 4293 XVIII
1863 4254 1941 4306 sq.

547 4332 580 4398 ⁴)
620 4330 659 4383 l.
694 4345 738 4382 c.
774 4346 825 4398 p.
860 4328 964 4382 414
1000 4342 1114 4395 sqq.

2442 4407 2506 4460 a*
