3290 5187
605 381 754 429 XIIII

585 570 739 633 quae
784 550 915 633 ipse
960 549 1305 617 identidem
1348 550 1504 614 meis
1552 549 1747 615 oculis
1795 550 2094 630 lustraui,
2168 569 2290 616 uno
2337 551 2654 616 uolumine
2703 571 2849 617 con-

475 692 487 707 ·
586 654 866 719 tinentur
926 653 1091 718 hunc
1150 655 1216 718 in
1281 654 1535 718 modum
1597 653 1926 735 insignito:
1986 651 2183 718 ‘Libr
2232 654 2390 737 inpr.
2427 673 2477 719 c.
2522 656 2653 719 not.
2701 675 2849 720 mss„

589 756 806 836 Quart.
836 753 957 820 49?
1008 757 1083 819 In
1116 756 1229 820 hoc
1275 757 1613 834 uolumine,
1661 756 1826 836 quod
1873 756 2029 820 olim
2074 755 2199 819 fuit
2241 757 2309 821 in
2352 776 2611 822 numero
2656 757 2845 823 libro-

587 879 727 924 rum
788 858 1234 923 Ezechielis
1281 858 1743 941 Spanheim,
1813 856 2100 922 editionis
2160 857 2463 940 principis
2508 858 2737 923 titulus
2786 862 2851 923 et

589 962 893 1046 praefatio
942 962 1005 1026 et
1049 961 1262 1038 index,
1334 978 1453 1042 quo
1514 960 1794 1041 capitula
1853 961 2340 1026 instructionum
2386 964 2850 1042 enumerantur,

592 1065 844 1142 desunt3
913 1069 1120 1128 cetera
1196 1063 1289 1128 ita
1362 1067 1508 1127 sunt
1568 1065 1919 1146 conposita:
1989 1065 2492 1129 Praemittuntur
2554 1064 2850 1128 editionis

591 1167 848 1233 alterius
908 1166 1136 1231 titulus
1196 1169 1259 1230 et
1317 1165 1661 1248 praefatio;
1736 1165 2138 1248 subsequitur
2198 1166 2488 1232 editionis
2551 1167 2852 1249 principis

591 1275 797 1334 textus
843 1290 986 1335 cum
1029 1269 1395 1353 appendice3
1447 1269 1747 1334 claudunt
1795 1288 2018 1354 agmen
2064 1270 2336 1353 reliquae
2368 1269 2658 1334 editionis
2692 1271 2852 1334 alte-

592 1375 723 1438 rius
753 1377 980 1456 partes.
1047 1374 1368 1439 Accedunt
1416 1378 1626 1437 autem
1673 1372 1751 1436 ad
1797 1391 1887 1451 ea,
1938 1392 2094 1455 quae
2139 1374 2305 1456 typis
2354 1375 2500 1438 sunt
2545 1375 2850 1454 inpressa,

595 1477 1144 1541 commentationes
1176 1478 1238 1540 et
1278 1476 1709 1542 adnotationes
1757 1478 2061 1558 quaedam
2121 1478 2185 1541 in
2230 1476 2627 1559 conpluribus
2684 1475 2854 1540 foliis

596 1580 755 1644 albis
802 1579 1213 1663 adglutinatis
1260 1581 1455 1660 ipsius
1499 1579 1765 1663 Rigaltii
1821 1598 2010 1643 manu
2070 1579 2391 1662 eleganter
2450 1580 2854 1660 conscriptae.

595 1682 1033 1747 Praemittitur
1075 1681 1438 1764 inscriptio:
1517 1680 1746 1746 ‘Curae
1792 1681 1879 1745 ad
1926 1679 2448 1747 Commodianum
2492 1679 2856 1757 secundae,-

597 1784 818 1848 deinde
864 1784 1012 1849 haec
1055 1787 1434 1866 sequuntur:

964 1884 1363 1950 ‘Obseruatio
1410 1887 1495 1950 ad
1539 1885 1743 1951 Instr.
1792 1885 1905 1950 VI.

1623 2010 1737 2054 cur
1782 1989 1979 2053 annis
2022 1989 2305 2054 ducentis

976 2092 1226 2157 Fuistis
1271 2093 1553 2174 infantes
1571 2094 1607 2156 ‚9

771 2196 945 2262 Huic
977 2197 1294 2278 poematio
1345 2195 1841 2262 Commodianus
1889 2194 2202 2276 impressit
2244 2195 2532 2277 uestiyia'
2571 2196 2685 2261 etc.

603 2319 762 2386 Sunt
806 2320 959 2384 haec
1003 2318 1236 2401 eadem,
1284 2336 1441 2400 quae
1486 2319 1894 2383 Henricus
1940 2316 2217 2382 Leonh.
2265 2314 2857 2381 Schurzfleiscb

604 2445 762 2491 anno
797 2426 962 2491 1709
1006 2425 1073 2489 in
1117 2423 1563 2508 supplementis
1609 2424 1739 2487 suis
1784 2421 1957 2503 prelo
1989 2421 2338 2486 mandauit.
2401 2418 2495 2485 Cf.
2529 2418 2856 2500 Sitzungs-

604 2530 880 2597 berichte
925 2527 1129 2595 XCVI
1175 2548 1234 2612 p.
1281 2528 1410 2593 466
1455 2545 1588 2609 sqq.

692 2636 770 2698 In
822 2633 1201 2699 bibliotheca
1258 2630 1558 2697 nationali
1602 2628 1917 2703 Parisina,
1986 2631 2059 2691 ut
2120 2646 2306 2709 supra
2366 2626 2663 2705 diximus,
2730 2624 2860 2690 tria

607 2738 1016 2803 inueniuntur
1077 2737 1419 2803 editionum
1472 2732 1981 2818 Rigaltianarum
2040 2731 2446 2813 exemplaria,
2510 2729 2631 2792 duo
2689 2731 2860 2810 prin-

609 2842 784 2925 cipis,
830 2860 1026 2906 unum
1072 2841 1326 2905 alterius
1372 2837 1683 2903 editionis.
1761 2835 1844 2899 Et
1887 2835 2157 2900 alterum
2212 2832 2500 2898 editionis
2556 2830 2860 2913 principis

609 2944 939 3027 exemplar,
987 2943 1148 3025 quod
1194 2944 1285 3007 sic
1328 2941 1700 3024 insignitur:
1738 2936 2124 3002 iInuentaire
2180 2951 2221 3005 C
2267 2934 2432 3000 1640
2475 2931 2523 2998 Ο
2566 2933 2690 2999 597
2739 2931 2863 2997 Re-

610 3068 784 3116 serue
818 3049 909 3131 (in
938 3044 1086 3132 4⁰)',
1133 3050 1378 3127 praeter
1420 3046 1663 3109 textum
1706 3041 1873 3124 typis
1920 3039 2301 3122 exscriptum
2345 3038 2863 3102 commentarium

613 3155 910 3231 continet,
958 3170 1143 3234 quem
1172 3148 1492 3231 Rigaltius
1522 3148 1588 3212 in
1632 3146 1802 3210 foliis
1847 3144 2007 3209 albis
2056 3142 2393 3224 bibliopegi
2440 3158 2625 3223 opera
2668 3140 2864 3204 inter-

610 3258 786 3324 iectis
832 3256 1215 3335 conscripsit,
1264 3271 1407 3317 cum
1440 3251 1776 3315 editionem
1811 3249 2078 3312 alteram
2108 3243 2394 3329 parabat.
2441 3245 2578 3308 Iam
2608 3240 2745 3307 Alf
2750 3262 2781 3306 r
2799 3263 2864 3304 e·-

615 3361 749 3425 dus
795 3358 1176 3439 Schoene‚
1224 3355 1332 3437 qui
1378 3353 1452 3418 de
1499 3352 1950 3434 exemplaribus
1982 3347 2306 3427 ParisiniS‚
2354 3364 2479 3428 qua
2511 3350 2606 3410 est
2639 3345 2867 3410 eximia

612 3463 1016 3546 liberalitate,
1075 3460 1317 3542 primus
1361 3477 1462 3522 me
1506 3458 1736 3533 docuit,
1789 3459 1934 3521 ante
1975 3454 2086 3519 hos
2132 3453 2268 3517 octo
2315 3469 2506 3516 annos
2553 3449 2868 3531 perspexit
2930 3491 2938 3497 ,

613 3570 914 3651 scriptum
957 3566 1142 3630 illum
1186 3561 1703 3629 commentarium
1750 3577 1890 3624 cum
1937 3575 2029 3640 eo,
2075 3573 2260 3638 quem
2304 3554 2472 3637 typis
2516 3553 2867 3634 inpressum

617 3674 809 3739 editio
854 3672 1052 3736 altera
1096 3668 1389 3746 continet,
1452 3666 1581 3731 fere
1625 3681 1976 3746 congruere.

701 3777 875 3842 Idem
924 3772 1318 3839 confirmauit
1361 3770 1757 3836 Antonius
1802 3768 2053 3843 Kunz,
2115 3762 2250 3845 qui,
2298 3761 2448 3826 dum
2493 3778 2654 3824 anno
2703 3758 2869 3824 1882

616 3880 873 3945 Parisiis
917 3880 1227 3955 uersatur,
1273 3878 1492 3957 rogatu
1536 3891 1674 3937 meo
1721 3870 2067 3935 accuratius
2111 3885 2246 3931 rem
2291 3863 2639 3962 indagauit.
2701 3861 2870 3942 Quae

617 3984 727 4049 ille
785 3984 922 4047 tum
983 3979 1214 4046 litteris
1273 3997 1519 4043 mecum
1581 3975 1850 4058 benigne
1910 3968 2405 4037 communicauit
2457 3966 2520 4032 et
2571 3966 2871 4046 exemplis

617 4084 954 4153 luculentis
998 4083 1329 4166 propositis
1376 4078 1847 4160 demonstrauit,
1913 4094 1985 4141 ea
2028 4073 2307 4139 breuiter
2351 4072 2638 4137 referam.

706 4188 908 4254 Notae
953 4186 1352 4269 Rigaltianae
1414 4182 1671 4249 editioni
1726 4177 1996 4262 principi
2053 4179 2117 4243 in
2176 4177 2341 4241 foliis
2399 4173 2617 4238 uacuis
2677 4171 2874 4235 inter-

620 4295 798 4361 iectis
854 4290 1234 4371 conscriptae
1292 4284 1856 4354 commentario
1912 4280 2203 4347 editionis
2262 4277 2518 4343 alterius
2565 4272 2731 4357 typis
2777 4275 2871 4336 in-
