3290 5187
2519 471 2673 517 v1111

426 645 685 709 modum
732 660 908 708 rarae
956 644 1017 706 et
1065 641 1197 706 eius
1242 640 1411 706 modi
1456 643 1624 720 sunt,
1672 643 1744 704 ut
1791 640 2209 705 coniecturam
2255 639 2518 723 sapiant,
2565 660 2688 706 non

429 767 503 812 ex
549 747 887 830 archetypo
933 745 1038 809 uel
1082 745 1204 808 alio
1253 743 1460 827 aliquo
1506 743 1679 808 fonte
1723 743 1976 807 haustae
2022 762 2152 808 esse
2200 744 2549 808 uideantur.

516 849 771 914 Praeter
827 848 1102 913 codicem
1160 846 1778 913 Cheltenhamensem
1838 866 1908 911 ex
1965 846 2448 912 instructionum
2511 847 2687 911 libris
2708 852 3094 945 C‘g‘ssdffigssfflff

428 970 577 1017 mss,
625 952 741 1017 soli
784 954 1025 1017 restant
1070 951 1479 1017 Parisinus
1529 949 1708 1033 (bibl.
1757 951 1991 1015 nation.
2040 969 2190 1017 mss,
2235 950 2347 1016 lat.
2394 970 2452 1014 n.
2490 950 2686 1032 8304)

430 1056 495 1121 et
537 1054 949 1119 Leidensis
993 1053 1356 1138 (Vossianus
1386 1054 1452 1117 in
1485 1057 1708 1118 octauo
1740 1073 1802 1119 n.
1833 1052 1969 1136 49),
2017 1054 2276 1136 uterque
2308 1053 2688 1129 chartaceus,

432 1163 691 1241 uterque
736 1158 983 1223 saeculo
1029 1158 1295 1242 septimo
1342 1156 1583 1223 decimo
1631 1160 1948 1236 exaratus,
2004 1176 2267 1240 quorum
2312 1158 2518 1223 uarias
2564 1158 2690 1224 lec-

429 1264 630 1327 tiones
684 1262 752 1327 J.
795 1262 867 1325 Β.
915 1260 1143 1325 Pitra
1203 1261 1270 1324 in
1325 1258 1641 1343 spicilegii
1686 1259 2088 1325 Solesmensis
2133 1260 2450 1324 uolumine
2495 1260 2586 1325 IV
2630 1280 2688 1343 p.

433 1364 794 1429 224—230
836 1366 1075 1446 primus
1118 1363 1290 1445 prelo
1336 1362 1660 1427 mandauit
1705 1365 1767 1426 et
1814 1362 2088 1426 multum
2134 1362 2334 1427 facere
2372 1363 2450 1427 ad
2483 1381 2692 1428 emen-

438 1468 671 1532 dandas
726 1466 1169 1532 instructiones
1226 1465 1456 1530 docuit.
1543 1464 1718 1529 Idem
1765 1467 1896 1530 cod.
1946 1465 2304 1530 Parisinum
2349 1465 2564 1530 littera
2608 1466 2692 1549 B,

436 1569 801 1634 Leidensem
857 1568 1075 1633 littera
1118 1568 1190 1638 A
1232 1568 1580 1652 insigniuit.
1655 1569 1788 1632 Hos
1843 1566 2045 1632 denuo
2103 1571 2289 1649 atque
2347 1568 2694 1632 accuratius

437 1670 706 1753 inspexit
753 1671 816 1735 et
861 1671 1187 1753 exscripsit
1231 1671 1607 1735 Ernestus
1638 1670 1988 1753 Ludwig,
2038 1671 2243 1751 quiin
2275 1670 2546 1735 editione
2577 1687 2691 1734 sua
2738 1690 2838 1732 coa.
2867 1690 3092 1731 Parisinus

433 1773 790 1839 Parisinum
834 1774 1120 1855 inprimis
1164 1776 1387 1839 ducem
1430 1778 1680 1839 secutus
1727 1775 1842 1839 est.
1920 1773 2002 1837 Et
2032 1776 2128 1838 est
2163 1773 2272 1839 ille
2304 1775 2489 1838 codex
2520 1773 2688 1837 haud
2860 1760 2910 1777 Ξ
2937 1740 2992 1786 B'

433 1876 614 1959 parui
657 1876 980 1953 momenti,
1027 1895 1409 1958 quamquam
1438 1878 1814 1942 auctoritate
1844 1877 2050 1941 minus
2083 1877 2251 1941 ualet
2283 1894 2471 1957 quam
2502 1874 2687 1940 Chel-

433 1979 873 2045 tenhamensis.
919 1979 1108 2045 Hunc
1153 1999 1295 2044 eum
1340 1980 1811 2063 propinquitate
1857 1979 2217 2061 contingere
2263 1997 2405 2044 cum
2439 1999 2513 2044 ex
2544 1978 2688 2044 aliis

437 2085 623 2149 rebus
666 2087 805 2149 tum
851 2086 992 2150 inde
1037 2085 1314 2167 apparet,
1372 2085 1532 2166 quod
1578 2085 1927 2166 permultae
1971 2084 2273 2148 lectiones
2319 2086 2383 2148 in
2427 2088 2690 2165 utroque

438 2187 861 2267 inueniuntur,
912 2206 1067 2270 quae
1114 2188 1527 2269 corruptelam
1574 2205 1721 2270 prae
1751 2206 1818 2251 se
1849 2186 2068 2252 ferant.
2140 2189 2316 2254 Idem
2358 2192 2503 2273 quia
2548 2208 2688 2254 cum

439 2291 705 2357 editione
749 2291 1109 2375 Rigaltiana
1155 2293 1364 2357 crebro
1412 2291 1748 2374 conspirat,
1805 2291 1868 2354 et
1913 2291 2093 2357 Pitra
2138 2293 2200 2356 et
2244 2292 2506 2375 Ludwig
2550 2310 2692 2357 cen-

438 2394 699 2461 suerunt
742 2413 871 2459 esse
917 2414 1061 2460 eum
1103 2394 1526 2478 apographum
1558 2395 1718 2460 illud
1749 2395 2274 2478 Sirmondianum‚
2322 2414 2442 2478 quo
2473 2396 2694 2478 Rigal-

437 2498 565 2563 tius
622 2499 688 2563 in
749 2499 1018 2563 editione
1078 2517 1192 2563 sua
1252 2498 1692 2565 conformanda
1737 2518 1803 2565 se
1847 2519 2032 2565 usum
2080 2518 2213 2565 esse
2260 2500 2394 2582 ipse
2438 2498 2695 2564 fatetur.

438 2604 530 2668 Ea
573 2601 781 2684 opinio
828 2621 969 2668 cum
1015 2603 1142 2668 iam
1186 2603 1357 2684 prius
1403 2603 1560 2667 mihi
1623 2602 1834 2668 minus
1895 2606 2268 2687 probaretur
2292 2602 2409 2688 17),
2481 2607 2697 2686 postea

439 2705 828 2789 argumentis
874 2708 1026 2770 satis
1072 2707 1316 2788 magnis
1363 2706 1707 2771 ostendisse
1754 2707 1914 2771 mihi
1962 2706 2172 2772 uideor
2217 2707 2489 2772 codicem
2520 2706 2697 2770 Pari-

439 2808 649 2873 sinum
708 2825 806 2873 no
832 2827 873 2871 n
935 2827 1064 2873 esse
1124 2808 1331 2890 ipsum
1394 2809 1817 2890 apographum
1879 2809 2193 2874 Sirmondi
2226 2807 2323 2891 1δ’).
2422 2808 2700 2889 Quorum

439 2913 952 2993 argumentorum
1009 2913 1213 2976 nescio
1273 2930 1351 2975 an
1411 2911 1861 2993 grauissimum
1922 2913 2042 2991 sit,
2105 2912 2266 2996 quod
2319 2912 2698 2978 acrostichon

438 3015 473 3078 Ι
524 3014 600 3079 18
663 3015 730 3079 in
783 3016 1063 3079 Parisino
1125 3015 1333 3080 codice
1391 3014 1576 3079 initio
1638 3017 1939 3081 omissum
1999 3021 2276 3081 extrema
2335 3016 2467 3080 eius
2523 3016 2700 3097 parte

441 3117 792 3201 Rigaltii
850 3118 1108 3199 ipsius
1160 3136 1388 3183 manu
1449 3117 1733 3184 additum
1792 3123 1905 3185 est.
1984 3119 2103 3200 Qui
2163 3121 2245 3199 si,
2316 3123 2386 3183 ut
2444 3120 2576 3201 ipse
2636 3120 2700 3184 in

439 3221 830 3303 praefatione
892 3221 1081 3300 dicit,
1163 3223 1343 3286 uetus
1404 3222 1894 3287 instructionum
1956 3223 2271 3305 exemplar
2332 3240 2456 3287 non
2515 3220 2698 3298 uidit,

442 3327 606 3391 unde
651 3324 857 3407 potuit
902 3324 1062 3389 illud
1095 3323 1487 3389 acrostichon
1518 3325 1823 3406 supplere,
1870 3323 1991 3389 nisi
2037 3344 2109 3388 ex
2158 3343 2302 3389 uero
2346 3323 2699 3406 apographo

444 3425 925 3493 Sirmondiano?
1816 3493 1822 3498 .

527 3529 775 3613 Itaque,
824 3530 947 3594 nisi
995 3529 1207 3610 fallor,
1255 3530 1345 3595 sic
1392 3549 1456 3595 se
1502 3551 1597 3595 res
1641 3530 1897 3596 habuit:
1951 3531 2269 3614 Rigaltius
2315 3529 2699 3596 Sirmondia-

447 3651 599 3696 num
644 3635 956 3715 exemplar
997 3636 1320 3717 acceptum
1365 3635 1568 3699 nescio
1616 3635 1718 3699 cui
1777 3635 2254 3701 describendum
2314 3633 2505 3699 dedit.
2582 3633 2702 3697 Hic

445 3754 643 3801 nouus
704 3736 865 3801 liber
928 3756 999 3801 ex
1057 3736 1490 3802 Sirmondiano
1553 3737 1898 3819 descriptus
1947 3737 2009 3807 Β
2054 3740 2261 3801 noster
2313 3740 2425 3801 est.
2503 3732 2698 3812 Quem

448 3839 600 3903 dum
644 3838 985 3920 perlustrat
1016 3839 1333 3921 Rigaltius
1381 3841 1443 3902 et
1490 3856 1632 3903 cum
1678 3839 2032 3922 apographo
2065 3839 2498 3904 Sirmondiano
2530 3856 2698 3903 com-

447 3946 644 4025 parat,
693 3960 838 4005 cum
868 3942 1020 4007 alios
1051 3941 1291 4008 librarii
1324 3927 1561 4007 errores
1594 3943 1857 4008 correxit
1895 3945 2030 4007 tum
2063 3941 2452 4008 acrostichon
2481 3942 2697 4006 XVIII

322 4091 328 4096 -
443 4044 618 4110 illius
664 4045 903 4109 incuria
946 4047 1243 4110 omissum
1292 4047 1426 4125 ipse
1472 4046 1805 4126 suppleuit.

534 4232 591 4299 ¹⁷)
631 4230 1125 4300 Sitzungsberichte
1160 4228 1336 4283 XCVI
1371 4247 1423 4298 p.
1462 4231 1566 4283 452
1601 4246 1706 4299 sq.;
1753 4230 1965 4284 Blatter
1999 4231 2036 4284 f.
2065 4232 2116 4286 d.
2145 4231 2320 4302 bayer,
2347 4233 2538 4302 Gymn.
2571 4232 2701 4287 XVI

441 4335 494 4387 p·
524 4318 1131 4473 3¹3)5.Sitzungsberichte
1167 4403 1316 4458 CVII
1353 4421 1403 4473 p.
1442 4403 1540 4458 737
1578 4419 1658 4472 sq.
