<?xml version="1.0" encoding="UTF-8"?>
<!DOCTYPE html PUBLIC "-//W3C//DTD XHTML 1.0 Transitional//EN"
    "http://www.w3.org/TR/xhtml1/DTD/xhtml1-transitional.dtd">
<html xmlns="http://www.w3.org/1999/xhtml" xml:lang="en" lang="en">
 <head>
  <title>
</title>
<meta http-equiv="Content-Type" content="text/html;charset=utf-8" />
  <meta name='ocr-system' content='tesseract 3.04.00' />
  <meta name='ocr-capabilities' content='ocr_page ocr_carea ocr_par ocr_line ocrx_word'/>
</head>
<body>
  <div class='ocr_page' id='page_1' title='image "./commodianicarmi01dombgoog_0029.png"; bbox 0 0 3290 5187; ppageno 0'>
   <div class='ocr_carea' id='block_1_1' title="bbox 2512 458 2617 521">
    <p class='ocr_par' dir='ltr' id='par_1_1' title="bbox 2512 458 2617 521">
     <span class='ocr_line' id='line_1_1' title="bbox 2512 458 2617 521; baseline 0.019 -2"><span class='ocrx_word' id='word_1_1' title='bbox 2512 458 2617 521; x_wconf 82' lang='lat' dir='ltr'>xxi</span> 
     </span>
    </p>
   </div>
   <div class='ocr_carea' id='block_1_2' title="bbox 368 644 2621 1761">
    <p class='ocr_par' dir='ltr' id='par_1_2' title="bbox 368 644 2616 935">
     <span class='ocr_line' id='line_1_2' title="bbox 368 644 2615 730; baseline -0 -20"><span class='ocrx_word' id='word_1_2' title='bbox 368 665 433 711; x_wconf 90' lang='lat' dir='ltr'>se</span> <span class='ocrx_word' id='word_1_3' title='bbox 477 649 730 730; x_wconf 92' lang='lat' dir='ltr'>quisque</span> <span class='ocrx_word' id='word_1_4' title='bbox 783 646 951 712; x_wconf 90' lang='lat' dir='ltr'>idem</span> <span class='ocrx_word' id='word_1_5' title='bbox 1008 645 1291 711; x_wconf 89' lang='lat' dir='ltr'>inuenire</span> <span class='ocrx_word' id='word_1_6' title='bbox 1348 646 1626 729; x_wconf 88' lang='lat' dir='ltr'>potuisse</span> <span class='ocrx_word' id='word_1_7' title='bbox 1685 644 2032 710; x_wconf 76' lang='lat' dir='ltr'>crediderit.</span> <span class='ocrx_word' id='word_1_8' title='bbox 2107 644 2256 709; x_wconf 81' lang='lat' dir='ltr'>Eius</span> <span class='ocrx_word' id='word_1_9' title='bbox 2300 644 2457 728; x_wconf 90' lang='lat' dir='ltr'>legis</span> <span class='ocrx_word' id='word_1_10' title='bbox 2501 663 2615 709; x_wconf 88' lang='lat' dir='ltr'>au-</span> 
     </span>
     <span class='ocr_line' id='line_1_3' title="bbox 368 747 2616 828; baseline -0.002 -13"><span class='ocrx_word' id='word_1_11' title='bbox 368 750 517 815; x_wconf 91' lang='lat' dir='ltr'>xilio</span> <span class='ocrx_word' id='word_1_12' title='bbox 561 750 783 815; x_wconf 91' lang='lat' dir='ltr'>multis</span> <span class='ocrx_word' id='word_1_13' title='bbox 828 748 1121 815; x_wconf 79' lang='lat' dir='ltr'>carminis</span> <span class='ocrx_word' id='word_1_14' title='bbox 1181 749 1333 813; x_wconf 91' lang='lat' dir='ltr'>locis</span> <span class='ocrx_word' id='word_1_15' title='bbox 1387 750 1720 814; x_wconf 92' lang='lat' dir='ltr'>uerborum</span> <span class='ocrx_word' id='word_1_16' title='bbox 1778 747 2098 813; x_wconf 89' lang='lat' dir='ltr'>distinctio</span> <span class='ocrx_word' id='word_1_17' title='bbox 2154 747 2377 812; x_wconf 91' lang='lat' dir='ltr'>melius</span> <span class='ocrx_word' id='word_1_18' title='bbox 2432 765 2616 828; x_wconf 88' lang='lat' dir='ltr'>quam</span> 
     </span>
     <span class='ocr_line' id='line_1_4' title="bbox 368 853 1113 935; baseline 0.003 -18"><span class='ocrx_word' id='word_1_19' title='bbox 368 857 552 918; x_wconf 89' lang='lat' dir='ltr'>antea</span> <span class='ocrx_word' id='word_1_20' title='bbox 594 853 845 918; x_wconf 88' lang='lat' dir='ltr'>institui</span> <span class='ocrx_word' id='word_1_21' title='bbox 889 853 1113 935; x_wconf 90' lang='lat' dir='ltr'>potuit.</span> 
     </span>
    </p>

    <p class='ocr_par' dir='ltr' id='par_1_3' title="bbox 370 953 2619 1349">
     <span class='ocr_line' id='line_1_5' title="bbox 455 953 2617 1040; baseline -0.001 -20"><span class='ocrx_word' id='word_1_22' title='bbox 455 955 741 1020; x_wconf 83' lang='lat' dir='ltr'>Ceterum</span> <span class='ocrx_word' id='word_1_23' title='bbox 787 975 907 1022; x_wconf 91' lang='lat' dir='ltr'>uno</span> <span class='ocrx_word' id='word_1_24' title='bbox 952 957 1103 1036; x_wconf 91' lang='lat' dir='ltr'>loco,</span> <span class='ocrx_word' id='word_1_25' title='bbox 1150 978 1210 1024; x_wconf 89' lang='lat' dir='ltr'>u.</span> <span class='ocrx_word' id='word_1_26' title='bbox 1242 957 1372 1024; x_wconf 82' lang='lat'>565</span> <span class='ocrx_word' id='word_1_27' title='bbox 1407 953 1585 1040; x_wconf 79' lang='lat'>(561)</span> <span class='ocrx_word' id='word_1_28' title='bbox 1620 972 1778 1037; x_wconf 88' lang='lat' dir='ltr'>sqq.,</span> <span class='ocrx_word' id='word_1_29' title='bbox 1827 955 1960 1035; x_wconf 90' lang='lat' dir='ltr'>ipse</span> <span class='ocrx_word' id='word_1_30' title='bbox 2005 953 2361 1022; x_wconf 81' lang='lat' dir='ltr'>Guilelmus</span> <span class='ocrx_word' id='word_1_31' title='bbox 2406 955 2617 1038; x_wconf 76' lang='lat' dir='ltr'>Meyer</span> 
     </span>
     <span class='ocr_line' id='line_1_6' title="bbox 371 1056 2615 1143; baseline -0.002 -19"><span class='ocrx_word' id='word_1_32' title='bbox 371 1058 885 1124; x_wconf 86' lang='lat' dir='ltr'>Commodianum</span> <span class='ocrx_word' id='word_1_33' title='bbox 930 1060 1135 1143; x_wconf 88' lang='lat' dir='ltr'>legem</span> <span class='ocrx_word' id='word_1_34' title='bbox 1179 1061 1358 1124; x_wconf 84' lang='lat' dir='ltr'>illam</span> <span class='ocrx_word' id='word_1_35' title='bbox 1402 1060 1746 1142; x_wconf 81' lang='lat' dir='ltr'>neglexisse</span> <span class='ocrx_word' id='word_1_36' title='bbox 1791 1057 2103 1133; x_wconf 89' lang='lat' dir='ltr'>concedit;</span> <span class='ocrx_word' id='word_1_37' title='bbox 2150 1058 2259 1122; x_wconf 83' lang='lat' dir='ltr'>sed</span> <span class='ocrx_word' id='word_1_38' title='bbox 2289 1056 2430 1122; x_wconf 85' lang='lat' dir='ltr'>aliis</span> <span class='ocrx_word' id='word_1_39' title='bbox 2463 1075 2615 1139; x_wconf 91' lang='lat' dir='ltr'>quo-</span> 
     </span>
     <span class='ocr_line' id='line_1_7' title="bbox 372 1160 2619 1244; baseline -0 -17"><span class='ocrx_word' id='word_1_40' title='bbox 372 1180 490 1244; x_wconf 93' lang='lat' dir='ltr'>que</span> <span class='ocrx_word' id='word_1_41' title='bbox 552 1163 705 1228; x_wconf 91' lang='lat' dir='ltr'>locis</span> <span class='ocrx_word' id='word_1_42' title='bbox 767 1162 934 1227; x_wconf 89' lang='lat' dir='ltr'>idem</span> <span class='ocrx_word' id='word_1_43' title='bbox 993 1163 1243 1228; x_wconf 90' lang='lat' dir='ltr'>uidetur</span> <span class='ocrx_word' id='word_1_44' title='bbox 1304 1163 1614 1239; x_wconf 88' lang='lat' dir='ltr'>euenisse,</span> <span class='ocrx_word' id='word_1_45' title='bbox 1684 1161 1859 1225; x_wconf 88' lang='lat' dir='ltr'>uelut</span> <span class='ocrx_word' id='word_1_46' title='bbox 1905 1180 1963 1226; x_wconf 94' lang='lat' dir='ltr'>u.</span> <span class='ocrx_word' id='word_1_47' title='bbox 2011 1161 2090 1226; x_wconf 82' lang='lat'>15</span> <span class='ocrx_word' id='word_1_48' title='bbox 2133 1178 2267 1242; x_wconf 88' lang='lat' dir='ltr'>sqq.</span> <span class='ocrx_word' id='word_1_49' title='bbox 2315 1160 2439 1225; x_wconf 88' lang='lat'>143</span> <span class='ocrx_word' id='word_1_50' title='bbox 2483 1179 2619 1244; x_wconf 86' lang='lat' dir='ltr'>sqq.</span> 
     </span>
     <span class='ocr_line' id='line_1_8' title="bbox 370 1264 2007 1349; baseline -0.004 -17"><span class='ocrx_word' id='word_1_51' title='bbox 370 1265 494 1332; x_wconf 88' lang='lat'>341</span> <span class='ocrx_word' id='word_1_52' title='bbox 527 1284 658 1349; x_wconf 88' lang='lat' dir='ltr'>sqq.</span> <span class='ocrx_word' id='word_1_53' title='bbox 708 1267 828 1330; x_wconf 81' lang='grc'>621</span> <span class='ocrx_word' id='word_1_54' title='bbox 863 1285 996 1349; x_wconf 87' lang='lat' dir='ltr'>sqq.</span> <span class='ocrx_word' id='word_1_55' title='bbox 1044 1267 1166 1332; x_wconf 84' lang='lat'>657</span> <span class='ocrx_word' id='word_1_56' title='bbox 1200 1286 1332 1349; x_wconf 89' lang='lat' dir='ltr'>sqq.</span> <span class='ocrx_word' id='word_1_57' title='bbox 1379 1266 1505 1332; x_wconf 86' lang='lat'>913</span> <span class='ocrx_word' id='word_1_58' title='bbox 1535 1283 1668 1347; x_wconf 89' lang='lat' dir='ltr'>sqq.</span> <span class='ocrx_word' id='word_1_59' title='bbox 1714 1264 1844 1329; x_wconf 85' lang='lat'>930</span> <span class='ocrx_word' id='word_1_60' title='bbox 1877 1283 2007 1346; x_wconf 91' lang='lat' dir='ltr'>sqq.</span> 
     </span>
    </p>

    <p class='ocr_par' dir='ltr' id='par_1_4' title="bbox 370 1367 2621 1761">
     <span class='ocr_line' id='line_1_9' title="bbox 455 1367 2619 1452; baseline 0 -20"><span class='ocrx_word' id='word_1_61' title='bbox 455 1369 630 1435; x_wconf 89' lang='lat' dir='ltr'>Idem</span> <span class='ocrx_word' id='word_1_62' title='bbox 687 1370 786 1435; x_wconf 91' lang='lat' dir='ltr'>uir</span> <span class='ocrx_word' id='word_1_63' title='bbox 845 1370 1280 1447; x_wconf 76' lang='lat' dir='ltr'>doctissimuS,</span> <span class='ocrx_word' id='word_1_64' title='bbox 1348 1374 1679 1452; x_wconf 79' lang='lat' dir='ltr'>postquam</span> <span class='ocrx_word' id='word_1_65' title='bbox 1734 1368 2032 1432; x_wconf 87' lang='lat' dir='ltr'>lectiones</span> <span class='ocrx_word' id='word_1_66' title='bbox 2084 1367 2619 1433; x_wconf 86' lang='lat' dir='ltr'>Mediomontanas</span> 
     </span>
     <span class='ocr_line' id='line_1_10' title="bbox 373 1469 2621 1553; baseline -0.002 -15"><span class='ocrx_word' id='word_1_67' title='bbox 373 1491 516 1538; x_wconf 91' lang='lat' dir='ltr'>cum</span> <span class='ocrx_word' id='word_1_68' title='bbox 559 1491 628 1537; x_wconf 90' lang='lat' dir='ltr'>eo</span> <span class='ocrx_word' id='word_1_69' title='bbox 673 1471 1162 1550; x_wconf 74' lang='lat' dir='ltr'>communicem,</span> <span class='ocrx_word' id='word_1_70' title='bbox 1210 1472 1593 1537; x_wconf 80' lang='lat' dir='ltr'>cumulatam</span> <span class='ocrx_word' id='word_1_71' title='bbox 1638 1469 1795 1534; x_wconf 86' lang='lat' dir='ltr'>mibi</span> <span class='ocrx_word' id='word_1_72' title='bbox 1841 1469 2088 1534; x_wconf 89' lang='lat' dir='ltr'>rettulit</span> <span class='ocrx_word' id='word_1_73' title='bbox 2132 1471 2433 1553; x_wconf 86' lang='lat' dir='ltr'>gratiam,</span> <span class='ocrx_word' id='word_1_74' title='bbox 2480 1489 2621 1536; x_wconf 90' lang='lat' dir='ltr'>cum</span> 
     </span>
     <span class='ocr_line' id='line_1_11' title="bbox 370 1572 2620 1658; baseline -0.002 -18"><span class='ocrx_word' id='word_1_75' title='bbox 370 1578 615 1658; x_wconf 83' lang='lat' dir='ltr'>praeter</span> <span class='ocrx_word' id='word_1_76' title='bbox 648 1594 770 1653; x_wconf 87' lang='lat' dir='ltr'>eas,</span> <span class='ocrx_word' id='word_1_77' title='bbox 802 1594 954 1658; x_wconf 88' lang='lat' dir='ltr'>quas</span> <span class='ocrx_word' id='word_1_78' title='bbox 989 1576 1050 1640; x_wconf 92' lang='lat' dir='ltr'>in</span> <span class='ocrx_word' id='word_1_79' title='bbox 1083 1576 1599 1641; x_wconf 88' lang='lat' dir='ltr'>commentatione</span> <span class='ocrx_word' id='word_1_80' title='bbox 1628 1574 1743 1638; x_wconf 90' lang='lat' dir='ltr'>illa</span> <span class='ocrx_word' id='word_1_81' title='bbox 1771 1572 2111 1657; x_wconf 86' lang='lat' dir='ltr'>proposuit,</span> <span class='ocrx_word' id='word_1_82' title='bbox 2159 1574 2620 1638; x_wconf 89' lang='lat' dir='ltr'>emendationes</span> 
     </span>
     <span class='ocr_line' id='line_1_12' title="bbox 372 1675 2398 1761; baseline -0.001 -18"><span class='ocrx_word' id='word_1_83' title='bbox 372 1677 528 1743; x_wconf 89' lang='lat' dir='ltr'>alias</span> <span class='ocrx_word' id='word_1_84' title='bbox 574 1696 814 1760; x_wconf 89' lang='lat' dir='ltr'>quoque</span> <span class='ocrx_word' id='word_1_85' title='bbox 859 1696 980 1743; x_wconf 90' lang='lat' dir='ltr'>non</span> <span class='ocrx_word' id='word_1_86' title='bbox 1024 1698 1250 1761; x_wconf 85' lang='lat' dir='ltr'>paucas</span> <span class='ocrx_word' id='word_1_87' title='bbox 1296 1698 1406 1759; x_wconf 88' lang='lat' dir='ltr'>per</span> <span class='ocrx_word' id='word_1_88' title='bbox 1450 1677 1702 1741; x_wconf 88' lang='lat' dir='ltr'>litteras</span> <span class='ocrx_word' id='word_1_89' title='bbox 1749 1675 1907 1740; x_wconf 92' lang='lat' dir='ltr'>mihi</span> <span class='ocrx_word' id='word_1_90' title='bbox 1954 1677 2398 1760; x_wconf 88' lang='lat' dir='ltr'>suppeditauit.</span> 
     </span>
    </p>
   </div>
   <div class='ocr_carea' id='block_1_3' title="bbox 1291 1852 1694 1860">
    <p class='ocr_par' dir='ltr' id='par_1_5' title="bbox 1291 1852 1694 1860">
     <span class='ocr_line' id='line_1_13' title="bbox 1291 1852 1694 1860; baseline 0 3327"><span class='ocrx_word' id='word_1_91' title='bbox 1291 1852 1694 1860; x_wconf 95' lang='lat' dir='ltr'> </span> 
     </span>
    </p>
   </div>
   <div class='ocr_carea' id='block_1_4' title="bbox 373 1984 2630 4027">
    <p class='ocr_par' dir='ltr' id='par_1_6' title="bbox 373 1984 2627 3099">
     <span class='ocr_line' id='line_1_14' title="bbox 456 1984 2616 2067; baseline -0 -16"><span class='ocrx_word' id='word_1_92' title='bbox 456 1988 672 2052; x_wconf 78' lang='lat' dir='ltr'>Pauca</span> <span class='ocrx_word' id='word_1_93' title='bbox 710 1987 786 2049; x_wconf 90' lang='lat' dir='ltr'>de</span> <span class='ocrx_word' id='word_1_94' title='bbox 833 1990 1046 2049; x_wconf 89' lang='lat' dir='ltr'>nostra</span> <span class='ocrx_word' id='word_1_95' title='bbox 1089 1986 1520 2066; x_wconf 89' lang='lat' dir='ltr'>qualicumque</span> <span class='ocrx_word' id='word_1_96' title='bbox 1564 2002 1751 2067; x_wconf 89' lang='lat' dir='ltr'>opera</span> <span class='ocrx_word' id='word_1_97' title='bbox 1805 1984 2086 2050; x_wconf 88' lang='lat' dir='ltr'>addenda</span> <span class='ocrx_word' id='word_1_98' title='bbox 2133 1988 2296 2054; x_wconf 90' lang='lat' dir='ltr'>sunt.</span> <span class='ocrx_word' id='word_1_99' title='bbox 2371 1987 2616 2051; x_wconf 89' lang='lat' dir='ltr'>Inuitus</span> 
     </span>
     <span class='ocr_line' id='line_1_15' title="bbox 374 2088 2620 2171; baseline 0 -19"><span class='ocrx_word' id='word_1_100' title='bbox 374 2109 505 2154; x_wconf 92' lang='lat' dir='ltr'>rem</span> <span class='ocrx_word' id='word_1_101' title='bbox 550 2088 990 2154; x_wconf 88' lang='lat' dir='ltr'>difficillimam</span> <span class='ocrx_word' id='word_1_102' title='bbox 1035 2089 1363 2171; x_wconf 89' lang='lat' dir='ltr'>adgressus</span> <span class='ocrx_word' id='word_1_103' title='bbox 1409 2106 1579 2166; x_wconf 87' lang='lat' dir='ltr'>sum,</span> <span class='ocrx_word' id='word_1_104' title='bbox 1637 2089 2007 2153; x_wconf 84' lang='lat' dir='ltr'>cunctanter</span> <span class='ocrx_word' id='word_1_105' title='bbox 2053 2091 2268 2154; x_wconf 89' lang='lat' dir='ltr'>cedens</span> <span class='ocrx_word' id='word_1_106' title='bbox 2314 2088 2620 2168; x_wconf 84' lang='lat' dir='ltr'>benignae</span> 
     </span>
     <span class='ocr_line' id='line_1_16' title="bbox 374 2190 2619 2271; baseline 0 -17"><span class='ocrx_word' id='word_1_107' title='bbox 374 2193 713 2256; x_wconf 90' lang='lat' dir='ltr'>amicorum</span> <span class='ocrx_word' id='word_1_108' title='bbox 757 2190 1196 2267; x_wconf 88' lang='lat' dir='ltr'>adhortationi,</span> <span class='ocrx_word' id='word_1_109' title='bbox 1243 2191 1349 2271; x_wconf 89' lang='lat' dir='ltr'>qui</span> <span class='ocrx_word' id='word_1_110' title='bbox 1395 2190 1557 2254; x_wconf 89' lang='lat' dir='ltr'>iusto</span> <span class='ocrx_word' id='word_1_111' title='bbox 1603 2190 1828 2254; x_wconf 91' lang='lat' dir='ltr'>melius</span> <span class='ocrx_word' id='word_1_112' title='bbox 1874 2191 1947 2255; x_wconf 91' lang='lat' dir='ltr'>de</span> <span class='ocrx_word' id='word_1_113' title='bbox 1991 2191 2232 2256; x_wconf 89' lang='lat' dir='ltr'>uiribus</span> <span class='ocrx_word' id='word_1_114' title='bbox 2267 2191 2423 2256; x_wconf 91' lang='lat' dir='ltr'>meis</span> <span class='ocrx_word' id='word_1_115' title='bbox 2454 2191 2619 2255; x_wconf 94' lang='lat' dir='ltr'>iudi-</span> 
     </span>
     <span class='ocr_line' id='line_1_17' title="bbox 375 2294 2618 2377; baseline -0 -18"><span class='ocrx_word' id='word_1_116' title='bbox 375 2295 618 2359; x_wconf 86' lang='lat' dir='ltr'>cabant.</span> <span class='ocrx_word' id='word_1_117' title='bbox 687 2295 763 2358; x_wconf 91' lang='lat' dir='ltr'>In</span> <span class='ocrx_word' id='word_1_118' title='bbox 794 2294 924 2377; x_wconf 90' lang='lat' dir='ltr'>ipso</span> <span class='ocrx_word' id='word_1_119' title='bbox 957 2296 1168 2357; x_wconf 88' lang='lat' dir='ltr'>autem</span> <span class='ocrx_word' id='word_1_120' title='bbox 1198 2310 1378 2376; x_wconf 90' lang='lat' dir='ltr'>opere</span> <span class='ocrx_word' id='word_1_121' title='bbox 1408 2294 1755 2358; x_wconf 89' lang='lat' dir='ltr'>identidem</span> <span class='ocrx_word' id='word_1_122' title='bbox 1799 2294 2136 2376; x_wconf 89' lang='lat' dir='ltr'>inopinatis</span> <span class='ocrx_word' id='word_1_123' title='bbox 2183 2295 2618 2377; x_wconf 88' lang='lat' dir='ltr'>interpellatus</span> 
     </span>
     <span class='ocr_line' id='line_1_18' title="bbox 373 2396 2625 2481; baseline -0.001 -19"><span class='ocrx_word' id='word_1_124' title='bbox 373 2396 838 2481; x_wconf 86' lang='lat' dir='ltr'>impedimentis</span> <span class='ocrx_word' id='word_1_125' title='bbox 884 2416 1043 2472; x_wconf 90' lang='lat' dir='ltr'>sum,</span> <span class='ocrx_word' id='word_1_126' title='bbox 1090 2400 1153 2461; x_wconf 89' lang='lat' dir='ltr'>et</span> <span class='ocrx_word' id='word_1_127' title='bbox 1198 2415 1337 2460; x_wconf 93' lang='lat' dir='ltr'>cum</span> <span class='ocrx_word' id='word_1_128' title='bbox 1383 2398 1634 2461; x_wconf 87' lang='lat' dir='ltr'>tandem</span> <span class='ocrx_word' id='word_1_129' title='bbox 1680 2400 1848 2480; x_wconf 81' lang='lat' dir='ltr'>typis</span> <span class='ocrx_word' id='word_1_130' title='bbox 1894 2398 2156 2463; x_wconf 87' lang='lat' dir='ltr'>exscribi</span> <span class='ocrx_word' id='word_1_131' title='bbox 2202 2396 2455 2462; x_wconf 91' lang='lat' dir='ltr'>libellus</span> <span class='ocrx_word' id='word_1_132' title='bbox 2499 2397 2625 2462; x_wconf 90' lang='lat' dir='ltr'>iam</span> 
     </span>
     <span class='ocr_line' id='line_1_19' title="bbox 375 2500 2623 2585; baseline 0 -21"><span class='ocrx_word' id='word_1_133' title='bbox 375 2505 631 2581; x_wconf 87' lang='lat' dir='ltr'>coeptus</span> <span class='ocrx_word' id='word_1_134' title='bbox 692 2500 883 2578; x_wconf 88' lang='lat' dir='ltr'>esset,</span> <span class='ocrx_word' id='word_1_135' title='bbox 952 2517 1111 2564; x_wconf 89' lang='lat' dir='ltr'>nouo</span> <span class='ocrx_word' id='word_1_136' title='bbox 1170 2502 1356 2580; x_wconf 90' lang='lat' dir='ltr'>atque</span> <span class='ocrx_word' id='word_1_137' title='bbox 1415 2500 1722 2565; x_wconf 89' lang='lat' dir='ltr'>laborioso</span> <span class='ocrx_word' id='word_1_138' title='bbox 1782 2504 2032 2584; x_wconf 89' lang='lat' dir='ltr'>repente</span> <span class='ocrx_word' id='word_1_139' title='bbox 2077 2521 2331 2567; x_wconf 91' lang='lat' dir='ltr'>munere</span> <span class='ocrx_word' id='word_1_140' title='bbox 2373 2501 2623 2585; x_wconf 92' lang='lat' dir='ltr'>publico</span> 
     </span>
     <span class='ocr_line' id='line_1_20' title="bbox 377 2602 2623 2685; baseline 0.001 -19"><span class='ocrx_word' id='word_1_141' title='bbox 377 2603 532 2667; x_wconf 89' lang='lat' dir='ltr'>mihi</span> <span class='ocrx_word' id='word_1_142' title='bbox 576 2602 853 2668; x_wconf 87' lang='lat' dir='ltr'>iniuncto</span> <span class='ocrx_word' id='word_1_143' title='bbox 897 2603 1163 2685; x_wconf 88' lang='lat' dir='ltr'>negotiis</span> <span class='ocrx_word' id='word_1_144' title='bbox 1208 2604 1466 2667; x_wconf 89' lang='lat' dir='ltr'>insuetis</span> <span class='ocrx_word' id='word_1_145' title='bbox 1511 2606 1661 2669; x_wconf 91' lang='lat' dir='ltr'>adeo</span> <span class='ocrx_word' id='word_1_146' title='bbox 1708 2605 2063 2685; x_wconf 86' lang='lat' dir='ltr'>distinebar,</span> <span class='ocrx_word' id='word_1_147' title='bbox 2110 2604 2290 2670; x_wconf 83' lang='lat' dir='ltr'>utin</span> <span class='ocrx_word' id='word_1_148' title='bbox 2337 2603 2623 2670; x_wconf 86' lang='lat' dir='ltr'>Commo-</span> 
     </span>
     <span class='ocr_line' id='line_1_21' title="bbox 376 2706 2625 2790; baseline 0 -20"><span class='ocrx_word' id='word_1_149' title='bbox 376 2707 634 2770; x_wconf 91' lang='lat' dir='ltr'>dianum</span> <span class='ocrx_word' id='word_1_150' title='bbox 678 2723 800 2768; x_wconf 89' lang='lat' dir='ltr'>non</span> <span class='ocrx_word' id='word_1_151' title='bbox 847 2706 1093 2769; x_wconf 89' lang='lat' dir='ltr'>tantum</span> <span class='ocrx_word' id='word_1_152' title='bbox 1142 2708 1442 2788; x_wconf 90' lang='lat' dir='ltr'>quantum</span> <span class='ocrx_word' id='word_1_153' title='bbox 1487 2707 1843 2789; x_wconf 87' lang='lat' dir='ltr'>requirebat</span> <span class='ocrx_word' id='word_1_154' title='bbox 1887 2727 2064 2772; x_wconf 87' lang='lat' dir='ltr'>curae</span> <span class='ocrx_word' id='word_1_155' title='bbox 2111 2707 2444 2790; x_wconf 89' lang='lat' dir='ltr'>inpendere</span> <span class='ocrx_word' id='word_1_156' title='bbox 2486 2725 2625 2790; x_wconf 90' lang='lat' dir='ltr'>pos-</span> 
     </span>
     <span class='ocr_line' id='line_1_22' title="bbox 377 2810 2624 2894; baseline 0 -21"><span class='ocrx_word' id='word_1_157' title='bbox 377 2829 506 2873; x_wconf 89' lang='lat' dir='ltr'>sem</span> <span class='ocrx_word' id='word_1_158' title='bbox 540 2811 605 2872; x_wconf 94' lang='lat' dir='ltr'>et</span> <span class='ocrx_word' id='word_1_159' title='bbox 634 2812 946 2890; x_wconf 88' lang='lat' dir='ltr'>postremo</span> <span class='ocrx_word' id='word_1_160' title='bbox 979 2811 1228 2875; x_wconf 89' lang='lat' dir='ltr'>differre</span> <span class='ocrx_word' id='word_1_161' title='bbox 1260 2811 1597 2874; x_wconf 88' lang='lat' dir='ltr'>editionem</span> <span class='ocrx_word' id='word_1_162' title='bbox 1629 2829 1892 2894; x_wconf 86' lang='lat' dir='ltr'>cogerer.</span> <span class='ocrx_word' id='word_1_163' title='bbox 1923 2810 2106 2874; x_wconf 87' lang='lat' dir='ltr'>Nunc</span> <span class='ocrx_word' id='word_1_164' title='bbox 2134 2828 2279 2874; x_wconf 88' lang='lat' dir='ltr'>uero</span> <span class='ocrx_word' id='word_1_165' title='bbox 2311 2810 2624 2875; x_wconf 90' lang='lat' dir='ltr'>mensibus</span> 
     </span>
     <span class='ocr_line' id='line_1_23' title="bbox 377 2912 2627 2996; baseline -0.001 -18"><span class='ocrx_word' id='word_1_166' title='bbox 377 2914 616 2996; x_wconf 89' lang='lat' dir='ltr'>aliquot</span> <span class='ocrx_word' id='word_1_167' title='bbox 673 2915 1015 2980; x_wconf 87' lang='lat' dir='ltr'>interiectis</span> <span class='ocrx_word' id='word_1_168' title='bbox 1073 2918 1207 2996; x_wconf 89' lang='lat' dir='ltr'>ipse</span> <span class='ocrx_word' id='word_1_169' title='bbox 1266 2914 1339 2978; x_wconf 91' lang='lat' dir='ltr'>de</span> <span class='ocrx_word' id='word_1_170' title='bbox 1398 2913 1715 2979; x_wconf 91' lang='lat' dir='ltr'>nonnullis</span> <span class='ocrx_word' id='word_1_171' title='bbox 1770 2914 1895 2978; x_wconf 90' lang='lat' dir='ltr'>alia</span> <span class='ocrx_word' id='word_1_172' title='bbox 1938 2912 2124 2993; x_wconf 89' lang='lat' dir='ltr'>atque</span> <span class='ocrx_word' id='word_1_173' title='bbox 2168 2914 2354 2978; x_wconf 86' lang='lat' dir='ltr'>antea</span> <span class='ocrx_word' id='word_1_174' title='bbox 2397 2912 2627 2977; x_wconf 89' lang='lat' dir='ltr'>sentire</span> 
     </span>
     <span class='ocr_line' id='line_1_24' title="bbox 380 3017 1727 3099; baseline -0.001 -18"><span class='ocrx_word' id='word_1_175' title='bbox 380 3017 552 3099; x_wconf 89' lang='lat' dir='ltr'>coepi</span> <span class='ocrx_word' id='word_1_176' title='bbox 595 3020 658 3081; x_wconf 90' lang='lat' dir='ltr'>et</span> <span class='ocrx_word' id='word_1_177' title='bbox 702 3019 1097 3083; x_wconf 88' lang='lat' dir='ltr'>retractanda</span> <span class='ocrx_word' id='word_1_178' title='bbox 1142 3020 1444 3098; x_wconf 86' lang='lat' dir='ltr'>quaedam</span> <span class='ocrx_word' id='word_1_179' title='bbox 1490 3034 1727 3081; x_wconf 89' lang='lat' dir='ltr'>censeo.</span> 
     </span>
    </p>

    <p class='ocr_par' dir='ltr' id='par_1_7' title="bbox 379 3119 2630 3616">
     <span class='ocr_line' id='line_1_25' title="bbox 467 3119 2619 3205; baseline 0 -21"><span class='ocrx_word' id='word_1_180' title='bbox 467 3121 500 3184; x_wconf 94' lang='lat' dir='ltr'>I</span> <span class='ocrx_word' id='word_1_181' title='bbox 546 3121 605 3199; x_wconf 87' lang='lat'>6,</span> <span class='ocrx_word' id='word_1_182' title='bbox 651 3122 713 3187; x_wconf 85' lang='lat'>4.</span> <span class='ocrx_word' id='word_1_183' title='bbox 761 3121 1020 3204; x_wconf 84' lang='lat' dir='ltr'>Scripsi:</span> <span class='ocrx_word' id='word_1_184' title='bbox 1085 3120 1341 3185; x_wconf 81' lang='lat' dir='ltr'>Versari</span> <span class='ocrx_word' id='word_1_185' title='bbox 1385 3124 1711 3184; x_wconf 79' lang='lat' dir='ltr'>maturum</span> <span class='ocrx_word' id='word_1_186' title='bbox 1760 3119 1908 3205; x_wconf 77' lang='lat' dir='ltr'>(in)</span> <span class='ocrx_word' id='word_1_187' title='bbox 1957 3119 2251 3201; x_wconf 75' lang='lat' dir='ltr'>infantia</span> <span class='ocrx_word' id='word_1_188' title='bbox 2292 3139 2418 3183; x_wconf 75' lang='lat' dir='ltr'>non</span> <span class='ocrx_word' id='word_1_189' title='bbox 2447 3121 2619 3201; x_wconf 76' lang='lat' dir='ltr'>capit</span> 
     </span>
     <span class='ocr_line' id='line_1_26' title="bbox 380 3224 2627 3306; baseline 0.001 -19"><span class='ocrx_word' id='word_1_190' title='bbox 380 3244 629 3289; x_wconf 80' lang='lat' dir='ltr'>aeuum.</span> <span class='ocrx_word' id='word_1_191' title='bbox 730 3225 1112 3306; x_wconf 87' lang='lat' dir='ltr'>Praepositio</span> <span class='ocrx_word' id='word_1_192' title='bbox 1173 3224 1247 3287; x_wconf 78' lang='lat' dir='ltr'>in</span> <span class='ocrx_word' id='word_1_193' title='bbox 1305 3242 1680 3305; x_wconf 88' lang='lat' dir='ltr'>quamquam</span> <span class='ocrx_word' id='word_1_194' title='bbox 1753 3228 1895 3306; x_wconf 87' lang='lat' dir='ltr'>post</span> <span class='ocrx_word' id='word_1_195' title='bbox 1950 3227 2299 3289; x_wconf 67' lang='lat' dir='ltr'>maturam</span> <span class='ocrx_word' id='word_1_196' title='bbox 2360 3227 2423 3290; x_wconf 90' lang='lat' dir='ltr'>et</span> <span class='ocrx_word' id='word_1_197' title='bbox 2482 3229 2627 3290; x_wconf 90' lang='lat' dir='ltr'>ante</span> 
     </span>
     <span class='ocr_line' id='line_1_27' title="bbox 379 3320 2626 3410; baseline -0 -18"><span class='ocrx_word' id='word_1_198' title='bbox 379 3326 693 3406; x_wconf 54' lang='lat' dir='ltr'>&amp;nfantia</span> <span class='ocrx_word' id='word_1_199' title='bbox 738 3327 1040 3391; x_wconf 87' lang='lat' dir='ltr'>facillime</span> <span class='ocrx_word' id='word_1_200' title='bbox 1082 3327 1291 3408; x_wconf 88' lang='lat' dir='ltr'>potuit</span> <span class='ocrx_word' id='word_1_201' title='bbox 1336 3329 1647 3402; x_wconf 89' lang='lat' dir='ltr'>excidere,</span> <span class='ocrx_word' id='word_1_202' title='bbox 1708 3331 1952 3405; x_wconf 83' lang='lat' dir='ltr'>tamen,</span> <span class='ocrx_word' id='word_1_203' title='bbox 2014 3328 2309 3410; x_wconf 89' lang='lat' dir='ltr'>quoniam</span> <span class='ocrx_word' id='word_1_204' title='bbox 2361 3320 2626 3393; x_wconf 82' lang='lat' dir='ltr'>ablatiui</span> 
     </span>
     <span class='ocr_line' id='line_1_28' title="bbox 380 3429 2630 3515; baseline 0.001 -22"><span class='ocrx_word' id='word_1_205' title='bbox 380 3430 514 3493; x_wconf 89' lang='lat' dir='ltr'>sine</span> <span class='ocrx_word' id='word_1_206' title='bbox 558 3432 1013 3512; x_wconf 82' lang='lat' dir='ltr'>praepositione</span> <span class='ocrx_word' id='word_1_207' title='bbox 1057 3452 1204 3496; x_wconf 91' lang='lat' dir='ltr'>usus</span> <span class='ocrx_word' id='word_1_208' title='bbox 1249 3433 1411 3513; x_wconf 91' lang='lat' dir='ltr'>apud</span> <span class='ocrx_word' id='word_1_209' title='bbox 1460 3429 1971 3505; x_wconf 82' lang='lat' dir='ltr'>Commodianum</span> <span class='ocrx_word' id='word_1_210' title='bbox 2019 3432 2143 3496; x_wconf 89' lang='lat' dir='ltr'>late</span> <span class='ocrx_word' id='word_1_211' title='bbox 2188 3433 2366 3513; x_wconf 87' lang='lat' dir='ltr'>patet</span> <span class='ocrx_word' id='word_1_212' title='bbox 2389 3429 2494 3515; x_wconf 75' lang='lat'>³¹),</span> <span class='ocrx_word' id='word_1_213' title='bbox 2552 3450 2630 3496; x_wconf 87' lang='lat' dir='ltr'>ne</span> 
     </span>
     <span class='ocr_line' id='line_1_29' title="bbox 383 3532 1643 3616; baseline 0 -21"><span class='ocrx_word' id='word_1_214' title='bbox 383 3532 500 3596; x_wconf 89' lang='lat' dir='ltr'>hoc</span> <span class='ocrx_word' id='word_1_215' title='bbox 544 3534 792 3615; x_wconf 91' lang='lat' dir='ltr'>quidem</span> <span class='ocrx_word' id='word_1_216' title='bbox 837 3533 970 3598; x_wconf 92' lang='lat' dir='ltr'>loco</span> <span class='ocrx_word' id='word_1_217' title='bbox 1015 3535 1136 3599; x_wconf 88' lang='lat' dir='ltr'>fuit</span> <span class='ocrx_word' id='word_1_218' title='bbox 1182 3535 1643 3616; x_wconf 89' lang='lat' dir='ltr'>interponenda.</span> 
     </span>
    </p>

    <p class='ocr_par' dir='ltr' id='par_1_8' title="bbox 383 3636 2628 4027">
     <span class='ocr_line' id='line_1_30' title="bbox 466 3636 2628 3720; baseline 0 -20"><span class='ocrx_word' id='word_1_219' title='bbox 466 3636 501 3700; x_wconf 94' lang='lat' dir='ltr'>I</span> <span class='ocrx_word' id='word_1_220' title='bbox 545 3636 647 3716; x_wconf 83' lang='lat'>26,</span> <span class='ocrx_word' id='word_1_221' title='bbox 700 3639 797 3700; x_wconf 83' lang='lat'>17.</span> <span class='ocrx_word' id='word_1_222' title='bbox 859 3637 1221 3703; x_wconf 83' lang='lat' dir='ltr'>Claudicare</span> <span class='ocrx_word' id='word_1_223' title='bbox 1284 3638 1657 3702; x_wconf 88' lang='lat' dir='ltr'>sententiam</span> <span class='ocrx_word' id='word_1_224' title='bbox 1719 3639 1846 3702; x_wconf 91' lang='lat' dir='ltr'>iam</span> <span class='ocrx_word' id='word_1_225' title='bbox 1891 3640 1999 3703; x_wconf 90' lang='lat' dir='ltr'>diu</span> <span class='ocrx_word' id='word_1_226' title='bbox 2046 3638 2479 3704; x_wconf 83' lang='lat' dir='ltr'>intellexeram</span> <span class='ocrx_word' id='word_1_227' title='bbox 2523 3638 2628 3720; x_wconf 89' lang='lat' dir='ltr'>(cf.</span> 
     </span>
     <span class='ocr_line' id='line_1_31' title="bbox 383 3738 2625 3824; baseline 0.001 -22"><span class='ocrx_word' id='word_1_228' title='bbox 383 3738 955 3822; x_wconf 84' lang='lat' dir='ltr'>Sitzungsberichte</span> <span class='ocrx_word' id='word_1_229' title='bbox 1004 3740 1170 3806; x_wconf 86' lang='lat' dir='ltr'>CVII</span> <span class='ocrx_word' id='word_1_230' title='bbox 1215 3762 1272 3824; x_wconf 93' lang='lat' dir='ltr'>p.</span> <span class='ocrx_word' id='word_1_231' title='bbox 1323 3740 1498 3818; x_wconf 83' lang='lat'>756);</span> <span class='ocrx_word' id='word_1_232' title='bbox 1569 3760 1735 3805; x_wconf 90' lang='lat' dir='ltr'>nunc</span> <span class='ocrx_word' id='word_1_233' title='bbox 1794 3743 2071 3823; x_wconf 89' lang='lat' dir='ltr'>paenitet</span> <span class='ocrx_word' id='word_1_234' title='bbox 2130 3762 2229 3806; x_wconf 91' lang='lat' dir='ltr'>me</span> <span class='ocrx_word' id='word_1_235' title='bbox 2290 3759 2411 3806; x_wconf 93' lang='lat' dir='ltr'>non</span> <span class='ocrx_word' id='word_1_236' title='bbox 2457 3759 2625 3806; x_wconf 92' lang='lat' dir='ltr'>rece-</span> 
     </span>
     <span class='ocr_line' id='line_1_32' title="bbox 384 3843 2625 3926; baseline 0.001 -21"><span class='ocrx_word' id='word_1_237' title='bbox 384 3843 580 3923; x_wconf 89' lang='lat' dir='ltr'>pisse,</span> <span class='ocrx_word' id='word_1_238' title='bbox 625 3845 784 3924; x_wconf 91' lang='lat' dir='ltr'>quod</span> <span class='ocrx_word' id='word_1_239' title='bbox 831 3844 977 3908; x_wconf 93' lang='lat' dir='ltr'>olim</span> <span class='ocrx_word' id='word_1_240' title='bbox 1024 3844 1089 3909; x_wconf 92' lang='lat' dir='ltr'>in</span> <span class='ocrx_word' id='word_1_241' title='bbox 1135 3849 1408 3909; x_wconf 88' lang='lat' dir='ltr'>mentem</span> <span class='ocrx_word' id='word_1_242' title='bbox 1453 3849 1728 3920; x_wconf 87' lang='lat' dir='ltr'>uenerat,</span> <span class='ocrx_word' id='word_1_243' title='bbox 1773 3845 1954 3908; x_wconf 78' lang='lat' dir='ltr'>unda</span> <span class='ocrx_word' id='word_1_244' title='bbox 1997 3861 2106 3926; x_wconf 89' lang='lat' dir='ltr'>pro</span> <span class='ocrx_word' id='word_1_245' title='bbox 2150 3846 2306 3909; x_wconf 78' lang='lat' dir='ltr'>uita.</span> <span class='ocrx_word' id='word_1_246' title='bbox 2385 3844 2625 3926; x_wconf 86' lang='lat' dir='ltr'>Conpa-</span> 
     </span>
     <span class='ocr_line' id='line_1_33' title="bbox 384 3946 2626 4027; baseline 0.001 -18"><span class='ocrx_word' id='word_1_247' title='bbox 384 3946 561 4010; x_wconf 89' lang='lat' dir='ltr'>ratur</span> <span class='ocrx_word' id='word_1_248' title='bbox 620 3946 784 4010; x_wconf 92' lang='lat' dir='ltr'>enim</span> <span class='ocrx_word' id='word_1_249' title='bbox 844 3947 1082 4011; x_wconf 89' lang='lat' dir='ltr'>incerta</span> <span class='ocrx_word' id='word_1_250' title='bbox 1140 3949 1306 4011; x_wconf 89' lang='lat' dir='ltr'>uitae</span> <span class='ocrx_word' id='word_1_251' title='bbox 1358 3948 1669 4013; x_wconf 85' lang='lat' dir='ltr'>humanae</span> <span class='ocrx_word' id='word_1_252' title='bbox 1718 3947 1992 4013; x_wconf 90' lang='lat' dir='ltr'>condicio</span> <span class='ocrx_word' id='word_1_253' title='bbox 2039 3966 2178 4012; x_wconf 91' lang='lat' dir='ltr'>cum</span> <span class='ocrx_word' id='word_1_254' title='bbox 2225 3950 2626 4027; x_wconf 88' lang='lat' dir='ltr'>nauigatione</span> 
     </span>
    </p>
   </div>
   <div class='ocr_carea' id='block_1_5' title="bbox 387 4049 2631 4235">
    <p class='ocr_par' dir='ltr' id='par_1_9' title="bbox 387 4049 2631 4235">
     <span class='ocr_line' id='line_1_34' title="bbox 387 4049 2631 4132; baseline 0.001 -19"><span class='ocrx_word' id='word_1_255' title='bbox 387 4049 806 4132; x_wconf 90' lang='lat' dir='ltr'>periculorum</span> <span class='ocrx_word' id='word_1_256' title='bbox 863 4051 1060 4131; x_wconf 89' lang='lat' dir='ltr'>plena.</span> <span class='ocrx_word' id='word_1_257' title='bbox 1151 4051 1241 4115; x_wconf 91' lang='lat' dir='ltr'>De</span> <span class='ocrx_word' id='word_1_258' title='bbox 1288 4052 1595 4116; x_wconf 84' lang='lat' dir='ltr'>adiectiuo</span> <span class='ocrx_word' id='word_1_259' title='bbox 1637 4052 1848 4114; x_wconf 69' lang='lat' dir='ltr'>nitrea</span> <span class='ocrx_word' id='word_1_260' title='bbox 1894 4069 2033 4115; x_wconf 92' lang='lat' dir='ltr'>cum</span> <span class='ocrx_word' id='word_1_261' title='bbox 2080 4051 2259 4114; x_wconf 78' lang='lat' dir='ltr'>unda</span> <span class='ocrx_word' id='word_1_262' title='bbox 2305 4053 2631 4116; x_wconf 89' lang='lat' dir='ltr'>coniuncto</span> 
     </span>
     <span class='ocr_line' id='line_1_35' title="bbox 387 4151 1263 4235; baseline 0.005 -20"><span class='ocrx_word' id='word_1_263' title='bbox 387 4153 469 4217; x_wconf 88' lang='lat' dir='ltr'>cf.</span> <span class='ocrx_word' id='word_1_264' title='bbox 513 4151 700 4235; x_wconf 88' lang='lat' dir='ltr'>Verg.</span> <span class='ocrx_word' id='word_1_265' title='bbox 748 4154 905 4217; x_wconf 89' lang='lat' dir='ltr'>Aen.</span> <span class='ocrx_word' id='word_1_266' title='bbox 953 4152 1073 4215; x_wconf 91' lang='lat' dir='ltr'>VII</span> <span class='ocrx_word' id='word_1_267' title='bbox 1119 4153 1263 4220; x_wconf 87' lang='lat'>759.</span> 
     </span>
    </p>
   </div>
   <div class='ocr_carea' id='block_1_6' title="bbox 392 4301 799 4310">
    <p class='ocr_par' dir='ltr' id='par_1_10' title="bbox 392 4301 799 4310">
     <span class='ocr_line' id='line_1_36' title="bbox 392 4301 799 4310; baseline 0 877"><span class='ocrx_word' id='word_1_268' title='bbox 392 4301 799 4310; x_wconf 95' lang='lat' dir='ltr'> </span> 
     </span>
    </p>
   </div>
   <div class='ocr_carea' id='block_1_7' title="bbox 484 4354 1649 4421">
    <p class='ocr_par' dir='ltr' id='par_1_11' title="bbox 484 4354 1649 4421">
     <span class='ocr_line' id='line_1_37' title="bbox 484 4354 1649 4421; baseline -0.001 -9"><span class='ocrx_word' id='word_1_269' title='bbox 484 4356 544 4421; x_wconf 83' lang='lat'>⁸¹)</span> <span class='ocrx_word' id='word_1_270' title='bbox 579 4356 658 4413; x_wconf 86' lang='lat' dir='ltr'>Cf.</span> <span class='ocrx_word' id='word_1_271' title='bbox 697 4355 856 4409; x_wconf 85' lang='lat' dir='ltr'>indic.</span> <span class='ocrx_word' id='word_1_272' title='bbox 891 4354 1172 4410; x_wconf 90' lang='lat' dir='ltr'>uerborum</span> <span class='ocrx_word' id='word_1_273' title='bbox 1209 4360 1264 4411; x_wconf 89' lang='lat' dir='ltr'>et</span> <span class='ocrx_word' id='word_1_274' title='bbox 1298 4358 1649 4412; x_wconf 88' lang='lat' dir='ltr'>locutionum.</span> 
     </span>
    </p>
   </div>
  </div>
 </body>
</html>
