3290 5187
555 428 682 493 202

561 615 755 668 ciuitas
791 638 858 662 =
894 617 1022 669 urbs
1057 617 1116 670 ΙΙ
1154 618 1204 681 3,
1255 617 1302 667 1.
1348 618 1430 669 14.
1467 618 1528 668 A.
1565 618 1684 670 975.

631 684 748 737 979.
790 685 918 737 1031

559 752 735 805 clades
787 775 856 798 =
889 754 1095 806 malum
1146 756 1209 806 A.
1269 754 1384 806 164.
1438 776 1503 801 =
1552 770 1682 821 pro-

630 821 765 874 cella
824 822 921 887 (‘?):
990 823 1138 889 rugit
1196 823 1450 889 pestifera
1511 823 1685 875 clades

628 890 693 943 A.
733 890 864 943 1009

560 957 789 1010 clamare
839 984 898 1001 ι·-
932 964 1310 1025 praeconiare,
1365 959 1598 1012 edicere:
1655 959 1684 1011 Ι

629 1026 713 1091 27,
738 1027 788 1079 4.
813 1027 895 1083 40.
923 1028 972 1083 8.
1000 1028 1058 1080 ΙΙ
1084 1028 1164 1092 15,
1190 1027 1237 1079 2.
1279 1028 1357 1092 17,
1397 1029 1478 1081 13.
1519 1029 1597 1091 19,
1634 1029 1685 1081 8.

627 1094 712 1159 20,
753 1097 831 1147 13.
869 1097 952 1159 22,
983 1097 1063 1148 15.
1089 1096 1171 1159 23,
1200 1097 1281 1150 11.
1308 1097 1389 1157 30,
1420 1098 1502 1149 11.
1525 1098 1608 1160 35,
1634 1098 1686 1150 5.

629 1168 691 1215 A.
729 1164 812 1218 52.
851 1165 931 1217 75.
969 1164 1087 1217 313.
1122 1165 1240 1218 352.
1265 1165 1385 1218 443.
1410 1167 1528 1219 451.
1565 1166 1684 1218 533.

629 1232 746 1284 673.
804 1262 868 1270 -
925 1234 1214 1285 clamantes
1269 1256 1332 1279 =
1386 1235 1685 1301 prophetae

629 1300 657 1352 I
676 1300 760 1364 40,
791 1302 825 1352 2
850 1302 940 1367 (cf.
979 1303 1264 1367 canentes).
1288 1332 1351 1339 —-
1373 1325 1436 1347 =
1461 1303 1684 1366 eiulare',

622 1370 916 1437 planyere:
971 1370 999 1422 I
1035 1370 1118 1434 24,
1169 1371 1251 1422 23.
1289 1369 1340 1421 11
1375 1371 1457 1431 32,
1501 1372 1580 1424 13.
1616 1401 1686 1410 —

629 1459 697 1483 =
733 1439 929 1490 citare:
967 1439 1215 1491 clamatis
1251 1456 1282 1490 a
1306 1438 1464 1491 Petro
1491 1440 1555 1491 A.
1583 1439 1685 1492 626

562 1505 851 1558 clarificare
887 1509 951 1560 A.
986 1506 1089 1559 463
1127 1507 1297 1571 (bibl.)

559 1574 777 1626 claritas
812 1596 881 1619 =
915 1576 1170 1628 maiestas
1206 1578 1271 1627 A.
1307 1576 1426 1629 286.
1466 1575 1598 1628 1043

564 1641 831 1694 claudere:
869 1644 1186 1697 canentibus
1205 1647 1380 1696 rostra
1398 1645 1684 1697 elusissent

627 1732 695 1756 =
731 1709 1034 1764 debuerunt
1077 1714 1258 1778 facere
1296 1718 1356 1765 ut
1385 1714 1685 1781 prophetae

629 1780 1043 1833 obmutescerent
1067 1785 1130 1832 A.
1167 1780 1286 1835 388.
1313 1811 1381 1821 —
1405 1804 1471 1828 =
1497 1783 1685 1835 obcae-

629 1863 781 1901 care:
816 1854 1025 1915 pectore
1062 1850 1239 1902 clauso
1275 1852 1337 1901 A.
1365 1851 1450 1903 47.
1474 1850 1593 1903 399.
1617 1880 1686 1889 -

633 1917 844 1969 clausus
881 1939 949 1962 =
984 1924 1260 1984 peractus:
1316 1935 1409 1987 pro
1445 1922 1684 1986 tempore

630 1985 810 2037 clauso
849 1986 915 2052 (9)
949 1988 1013 2038 A.
1040 1986 1157 2040 301.
1195 1988 1323 2040 haec
1347 1991 1431 2040 est
1456 1986 1685 2040 historia

627 2053 808 2106 clausa
842 2054 943 2106 411

560 2121 780 2174 01011008
816 2122 875 2175 II
913 2123 981 2175 34
1015 2124 1179 2177 inser.

559 2190 737 2242 cloaca
771 2212 839 2235 =
875 2191 1026 2244 locus
1070 2192 1352 2260 iynobilis:
1405 2192 1470 2244 de
1507 2192 1686 2245 cloaca

626 2257 835 2310 leuatus
873 2258 931 2311 II
967 2259 1050 2321 20,
1091 2263 1116 2311 1

560 2325 944 2395 co(a)ngustus
979 2327 1006 2379 Ι
1042 2328 1125 2391 37,
1166 2330 1230 2380 16
1259 2329 1350 2395 (cf.
1384 2332 1683 2394 comment.)

560 2396 722 2447 codex
759 2396 895 2463 legis
931 2418 999 2441 =
1034 2397 1283 2462 sriptura
1318 2413 1480 2450 sacra
1517 2399 1582 2453 A.
1621 2399 1683 2450 11

561 2463 1411 2601 watrassizffigggftf⁰2¹²}ss
1450 2465 1688 2588 (ἷῑῗοῖἷξ

629 2602 692 2653 in
727 2602 987 2655 Berliner
1009 2604 1268 2673 philolog.
1302 2604 1600 2659 Wochensc
1638 2622 1684 2658 r.

634 2668 752 2723 VII
776 2686 836 2737 p.
873 2673 987 2724 250
1022 2673 1153 2740 sqq.)

559 2754 747 2806 cogere
783 2761 852 2784 =
886 2740 1097 2793 iubere:
1136 2739 1276 2807 quod
1313 2742 1538 2794 maxime
1574 2742 1686 2794 Do-

629 2808 808 2859 minus
865 2809 1014 2876 cogit
1074 2809 1277 2861 euitare
1338 2809 1560 2863 dilectos
1619 2810 1683 2862 A.

628 2875 745 2929 203.
769 2898 837 2922 =
856 2877 1210 2941 contundere,
1235 2878 1512 2947 subiyere:
1550 2894 1683 2946 quos

624 2944 780 2997 nulla
815 2960 983 3012 poena
1019 2945 1194 3014 coegit
1231 2945 1289 2998 II
1329 2947 1408 3010 13,
1445 2948 1479 3000 8

562 3013 834 3066 cohaerere
871 3035 937 3059 =
975 3015 1225 3067 haerere:
1251 3016 1560 3082 conspicitis
1587 3014 1685 3067 sti-

626 3081 814 3202 plulggn
834 3081 1270 3202 ἒο1100100001010
1288 3083 1456 3136 oculis
1479 3084 1682 3137 nostris

559 3217 899 3284 coinquinare
935 3218 962 3269 I
1000 3218 1049 3280 3,
1086 3218 1119 3270 5

560 3285 731 3337 coitus
748 3283 816 3351 (P)
839 3285 1049 3338 infandi
1073 3307 1143 3332 =
1162 3302 1204 3339 0.
1224 3293 1465 3340 naturae
1485 3302 1684 3355 101009-

623 3359 819 3406 nantes
872 3356 936 3407 A.
994 3355 1090 3407 175
1147 3354 1240 3418 (cf.
1283 3356 1471 3408 incert.
1538 3361 1684 3408 auct.

623 3438 843 3475 carmen
872 3423 1004 3476 adu.
1028 3423 1375 3477 Marcionem
1393 3425 1426 3477 1
1451 3427 1530 3477 20
1551 3429 1684 3490 sqq.)

561 3491 730 3544 colere
765 3512 835 3537 =
874 3491 1163 3559 maqnisice
1208 3493 1441 3545 uestire:
1495 3492 1579 3544 fas
1627 3493 1685 3543 in

623 3560 732 3612 Deo
753 3576 855 3613 non
877 3563 959 3611 est
973 3559 1336 3612 Christianam
1358 3560 1684 3614 colifidelem

623 3628 683 3680 II
725 3630 804 3692 19,
844 3629 875 3681 6

559 3696 732 3750 0011011
771 3701 838 3764 (1))
872 3720 937 3743 =
974 3698 1238 3752 cauliculi
1272 3698 1300 3751 I
1336 3699 1420 3762 34,
1457 3698 1489 3750 2

554 3766 841 3832 collegium
894 3787 964 3812 =
1011 3766 1263 3820 societas:
1320 3768 1683 3835 adplicuitque

626 3834 728 3886 sibi
765 3834 961 3888 similis
1002 3835 1229 3894 collegio
1265 3835 1409 3889 facto
1446 3836 1475 3889 I
1516 3836 1606 3900 19,
1633 3837 1682 3889 7.

623 3903 849 3970 collegia
884 3904 1095 3971 quaeris
1131 3904 1192 3957 II
1228 3904 1310 3966 33,
1349 3904 1415 3956 13

553 3971 831 4025 collocatio
881 3972 1173 4025 uerborum
1231 3973 1486 4026 insolita.-
1545 3974 1678 4038 ipsis

622 4039 886 4092 sideribus
937 4044 1034 4092 aut
1070 4040 1214 4092 Mars
1263 4042 1358 4109 qui
1405 4057 1524 4093 cum
1560 4043 1680 4109 ipsa

624 4109 907 4175 deprensus
934 4107 1044 4160 zelo
1080 4110 1320 4162 maritali
1345 4108 1474 4162 deus
1510 4111 1679 4162 nomi-

621 4181 781 4228 netur
835 4175 1174 4229 aduliscens‘?
1233 4200 1298 4224 =
1360 4184 1460 4232 aut
1518 4178 1681 4230 Mars

620 4245 946 4308 athanacensi,
1000 4245 1102 4312 qui
1145 4262 1266 4299 cum
1301 4247 1424 4308 ipsa
1459 4246 1549 4316 (=
1586 4246 1679 4299 do-

620 4315 790 4378 mina)
818 4313 931 4365 zelo
949 4314 1195 4372 maritali
1215 4314 1514 4381 deprensus
1541 4321 1678 4380 (est),

624 4383 760 4450 ipsis
802 4383 907 4449 (in)
944 4381 1215 4435 sideribus
1269 4382 1402 4436 deus
1439 4385 1677 4436 nomine-

1625 427 1831 481 Index

1846 614 1985 667 tur.2
2010 615 2038 667 Ι
2060 616 2107 678 7,
2135 616 2163 667 7
2186 630 2264 682 8(1.
2301 616 2581 667 nimium
2605 620 2699 669 tua
2719 623 2906 671 cuncta

1841 683 2070 735 uidendo
2109 684 2643 737 insatiabiliter
2678 686 2706 737 Ι
2747 686 2829 750 29,
2872 691 2899 740 1

1812 796 1819 803 .
1844 767 1922 818 8(1.
1959 756 2015 804 00
2050 751 2257 804 fabrica
2281 754 2434 804 cuius
2458 757 2612 805 erant
2637 769 2759 807 cum
2788 756 2904 823 ipsa

1843 841 1913 865 =
1932 826 1983 873 et
2007 836 2129 874 cum
2152 822 2288 887 ipsa·
2302 819 2521 884 fabrica
2539 827 2636 875 etc.
2661 823 2720 875 ΙΙ
2741 824 2789 885 2,
2822 825 2902 877 19.

1843 889 2040 956 apud,
2089 892 2273 953 stulte,
2324 890 2659 957 Cyclopas
2707 891 2763 943 II
2818 894 2901 956 36,

1844 959 1895 1009 3.
1968 957 2382 1010 sacrificans
2455 958 2623 1024 periet
2692 959 2903 1012 idolis

1846 1024 2007 1092 (cod.)
2066 1027 2127 1077 A.
2178 1026 2296 1078 748.
2366 1028 2719 1095 turbaturque
2762 1027 2901 1081 Nero

1845 1098 1902 1146 et
1940 1098 2155 1147 senatus
2210 1115 2281 1139 =
2334 1096 2594 1148 turbatur
2648 1104 2697 1148 et
2754 1097 2903 1150 Nero

1844 1168 1894 1216 et
1930 1168 2150 1215 senatus
2189 1164 2249 1215 A.
2278 1163 2397 1216 910.
2432 1179 2581 1215 10010
2618 1164 2681 1216 (10
2717 1168 2902 1217 nostro

1842 1234 1907 1283 A.
1944 1231 2061 1284 949.
2119 1235 2182 1283 et
2243 1231 2321 1284 de
2380 1233 2570 1283 domo
2625 1232 2751 1285 Dei
2813 1250 2903 1286 ceu

1844 1299 2115 1352 nundinae
2145 1300 2394 1352 facitis
2421 1305 2601 1353 astent
2625 1301 2685 1354 II
2712 1302 2795 1364 35,
2823 1304 2906 1354 12.

1893 1368 2146 1420 erminc
2172 1369 2477 1421 zabolico
2507 1369 2685 1421 facitis
2708 1375 2768 1421 00
2791 1378 2901 1422 001·-

1843 1384 2903 1503 {aepronataell3212.—conitente-

1843 1505 2016 1558 tiones
2052 1510 2105 1558 et
2131 1508 2471 1572 pronomina
2498 1506 2737 1558 relatiua
2760 1514 2903 1573 post-

1839 1574 2055 1640 posita.-
2095 1576 2356 1627 morimur
2380 1575 2613 1641 itemque
2633 1575 2903 1642 (idemque

1843 1641 1985 1708 cod.)
2023 1657 2113 1708 per
2157 1643 2315 1696 illum
2349 1664 2418 1687 =
2462 1644 2694 1710 itemque
2742 1647 2904 1697 mori-

1843 1726 1970 1763 mur
1999 1725 2060 1777 p.
2097 1711 2134 1764 i.
2162 1710 2189 1762 I
2224 1712 2309 1774 35,
2346 1711 2396 1762 4.
2432 1714 2698 1763 certamen
2725 1712 2905 1780 fugire

1842 1778 1970 1831 lites
1996 1777 2325 1846 totidemque
2355 1779 2528 1831 uitare
2551 1801 2622 1824 =
2651 1780 2900 1834 totidem-

1843 1863 1946 1914 que
1984 1847 2018 1899 l.
2055 1863 2110 1899 u.
2147 1846 2207 1900 II
2244 1847 2329 1912 26,
2367 1848 2417 1899 3.
2477 1863 2681 1915 semper
2728 1848 2902 1902 homi-

1848 1915 1998 1968 cidae
2022 1930 2230 1982 semper
2256 1917 2629 1983 manibusque
2665 1920 2902 1970 cruentis

1844 1988 1906 2035 A.
1945 1984 2061 2036 709.
2117 1983 2224 2050 (De
2279 1999 2379 2051 que
2430 1985 2586 2053 lonye
2631 1986 2703 2039 ab
2740 1988 2904 2041 initio

1844 2052 2148 2106 sententiae
2207 2057 2412 2106 remoto
2472 2055 2544 2117 cf.
2616 2070 2758 2120 quae
2807 2057 2905 2108 sub

1843 2122 1969 2187 ipsa
2010 2136 2140 2174 uoce
2188 2137 2288 2188 (100
2335 2123 2696 2189 notauimus.)
2735 2124 2904 2190 parri-

1845 2188 1963 2241 cida
1998 2191 2168 2256 patris
2206 2205 2415 2257 semper
2454 2196 2523 2243 et
2559 2190 2822 2258 superbus
2848 2194 2904 2244 in

1845 2256 1939 2309 illo
2010 2260 2075 2310 A.
2142 2258 2259 2310 729.
2320 2257 2528 2324 (Plura
2586 2260 2906 2325 afferuntur

1845 2327 2092 2393 exempla
2145 2327 2246 2379 sub
2306 2342 2439 2380 uoce
2475 2330 2566 2393 et.)
2607 2328 2903 2382 terribilem

1846 2392 2021 2461 legem
2070 2395 2228 2447 malis
2266 2394 2423 2448 bonis
2470 2398 2671 2463 atque
2717 2397 2905 2466 benig-

1849 2478 1974 2514 nam
1999 2462 2027 2515 I
2052 2462 2137 2526 30,
2178 2462 2259 2515 17.
2297 2493 2364 2503 —
2400 2463 2579 2516 dolore
2604 2481 2640 2516 n
2657 2481 2725 2518 ec
2750 2472 2902 2519 uates

1844 2531 2021 2583 filium
2066 2531 2205 2583 luxit
2250 2532 2584 2586 defunctum:
2649 2534 2807 2587 Omni
2848 2551 2903 2588 o·

1847 2600 2013 2653 tentis
2052 2602 2196 2653 enim
2249 2618 2366 2655 000
2420 2601 2551 2654 flens
2607 2603 2802 2658 deduce
2846 2612 2904 2657 at

1847 2669 2126 2721 alumnum
2166 2669 2223 2722 ΙΙ
2259 2670 2342 2735 32,
2384 2670 2463 2723 15.
2510 2700 2580 2710 —
2615 2672 2760 2725 bella
2798 2674 2905 2726 uel

1846 2736 2068 2789 infanda
2121 2738 2150 2790 Ι
2204 2739 2285 2802 26,
2343 2740 2425 2791 11.
2492 2741 2623 2793 facti
2680 2743 2797 2795 uel
2840 2748 2903 2794 ut

1847 2806 2062 2938 ’3ΡίΫῖ
2092 2808 2243 2928 misdi
2280 2807 2547 2928 Πιὲιὶιέῗ
2569 2811 2905 2945 εἶςῃξεεέἒῖξ

1909 2913 1921 2924 ι
2064 2912 2079 2938 ,
2154 2914 2167 2926 ο
2223 2904 2290 2915 -

1848 2944 2169 3010 quoniam
2213 2944 2328 2997 eius
2377 2945 2576 3012 pseudo
2616 2949 2838 3014 ropheta
2875 2948 2904 3000 Ι

1844 3012 1928 3075 41,
1970 3011 2051 3063 16.
2090 3015 2342 3079 suggeret
2377 3029 2519 3065 cum
2610 3016 2819 3068 ominus
2844 3017 2902 3069 II

1846 3079 1933 3142 23,
1977 3080 2057 3134 14.
2094 3081 2250 3146 quasi
2287 3081 2443 3134 facile
2490 3082 2623 3135 reris
2660 3086 2808 3137 dum
2843 3084 2902 3138 ΙΙ

1845 3148 1928 3210 35,
1971 3146 2020 3198 2.
2075 3148 2241 3201 fuerit
2287 3165 2368 3217 (10
2389 3150 2487 3202 asi
2541 3154 2683 3205 serui
2729 3153 2904 3221 figura

1844 3216 1909 3267 A.
1947 3216 2065 3269 336.
2103 3217 2314 3284 placeat
2350 3234 2490 3272 cum
2529 3220 2593 3274 A.
2631 3221 2748 3276 770.
2797 3225 2904 3274 001·-

1847 3284 2017 3336 minet
2052 3290 2126 3337 ut
2159 3287 2220 3339 A.
2260 3287 2377 3339 941.
2423 3288 2609 3355 agitur
2656 3290 2801 3343 dum
2840 3289 2903 3342 A.

1850 3352 2000 3408 1012.
2034 3382 2106 3392 —
2153 3355 2400 3422 partibus
2449 3358 2629 3422 istis,
2678 3360 2904 3411 exsiccat

1845 3421 2075 3474 fluuium
2111 3423 2359 3490 quibus
2394 3424 2452 3477 II
2481 3425 2527 3490 1,
2553 3426 2620 3479 29
2646 3443 2723 3496 8(1.
2749 3442 2902 3494 pene-

1843 3491 2130 3611 tAragssgui
2185 3492 2245 3545 II
2302 3494 2382 3557 18,
2438 3494 2489 3546 9.
2546 3497 2724 3548 fuerat
2778 3511 2902 3563 quo

1775 3626 1973 3680 collum
2030 3649 2101 3680 =
2157 3644 2403 3682 umerus:
2468 3632 2784 3698 (daemonia)
2847 3635 2903 3686 in

1843 3695 1978 3749 00110
2015 3696 2266 3748 feruntur
2302 3698 2331 3750 I
2361 3700 2440 3763 16,
2482 3700 2563 3754 12.
2602 3705 2665 3753 ut
2688 3706 2904 3769 portent

1845 3763 2111 3817 uictualia
2138 3765 2275 3818 collo
2304 3766 2361 3818 11
2386 3769 2470 3832 39,
2497 3770 2579 3823 16.
2617 3771 2903 3838 grabatum

1843 3831 1900 3883 in
1938 3832 2077 3885 collo
2113 3833 2374 3887 ferentem
2409 3838 2476 3889 A.
2512 3838 2615 3890 650

1775 3899 1985 3953 colonia
2021 3923 2089 3946 =
2123 3903 2254 3956 urbs
2291 3908 2360 3971 (‘?)
2398 3909 2461 3959 A.
2497 3907 2615 3959 976.
2653 3907 2755 3963 989

1773 3969 2022 4021 columna
2057 3971 2218 4023 nubis
2254 3975 2310 4024 et
2345 3975 2492 4042 ignis
2517 3978 2583 4028 A.
2608 3976 2710 4029 619
2735 3976 2906 4042 (bibl.)

1771 4051 2097 4091 commouere
2134 4061 2199 4084 =
2234 4041 2327 4093 ira
2361 4043 2655 4097 incendere
2690 4047 2756 4097 A.
2803 4045 2903 4099 726

1772 4107 2160 4159 communicare
2183 4107 2272 4174 (de
2296 4112 2722 4180 munificentia):
2761 4129 2903 4166 com-

1839 4173 2119 4245 muni(c)a
2141 4175 2302 4230 fratri
2328 4180 2387 4233 ΙΙ
2413 4180 2496 4245 31,
2523 4180 2572 4235 2.
2609 4184 2907 4254 communi-

1841 4247 1923 4296 000
1963 4280 1975 4292 .
2005 4281 2016 4292 .
2054 4245 2348 4300 bonitatem
2386 4250 2443 4300 in
2481 4265 2663 4302 omnes
2699 4252 2763 4303 A.
2801 4249 2869 4303 25

1773 4313 2071 4365 communis
2106 4337 2174 4359 =
2200 4316 2454 4381 affabilis,
2492 4318 2653 4371 comis
2690 4319 2718 4371 I
2744 4319 2826 4382 23,
2852 4319 2900 4371 2.

1841 4381 1924 4444 30,
1968 4383 2044 4435 15.
2083 4381 2140 4434 II
2177 4381 2260 4447 22,
2301 4386 2359 4437 11
