3290 5187
604 461 733 527 230

679 648 812 700 sunt
863 645 1128 701 recordati
1179 646 1432 715 legendo,
1487 647 1579 700 sed
1624 663 1741 715 per-

681 719 986 769 seueranter
1029 714 1122 781 (⁴?):
1178 715 1288 768 Nos
1332 731 1513 768 sumus
1566 716 1742 775 electi,

680 784 915 837 dicentes
951 784 1017 836 A.
1052 783 1171 838 676.
1207 813 1274 822 -
1308 800 1402 851 per
1426 783 1568 852 quod
1592 785 1742 853 prius

682 851 951 905 hominem
996 853 1366 919 prostrauerat
1417 853 1584 906 morti
1629 869 1741 907 ma·

682 921 881 989 lignus,
935 936 998 974 ex
1050 922 1165 989 ipso
1212 919 1458 974 deuictus
1508 923 1625 989 (eet)
1677 922 1740 976 A.

680 989 780 1042 321
802 1005 827 1041 s
870 1026 881 1038 .
908 1003 1034 1042 nam
1052 988 1278 1057 populus
1303 989 1397 1043 ille
1426 990 1740 1057 primitiuus

684 1058 780 1110 illc
877 1060 1092 1124 eceptus
1149 1058 1302 1124 (est),
1363 1058 1504 1126 quod
1565 1058 1738 1111 filium

685 1126 846 1193 (Deus
870 1128 948 1192 se)
975 1124 1113 1178 dixit
1146 1128 1211 1177 A.
1247 1126 1366 1179 617.
1383 1129 1440 1180 et
1472 1124 1741 1196 locu(tu>s

680 1196 878 1248 iterum
940 1196 1064 1261 (est)
1125 1194 1189 1247 A.
1248 1194 1368 1248 682.
1425 1225 1496 1235 -
1558 1197 1736 1261 parti·

681 1264 889 1330 cipium
913 1277 1035 1315 cum
1058 1262 1225 1315 uerbo
1249 1278 1360 1316 esse
1377 1279 1486 1330 pro
1508 1264 1741 1331 simplici

679 1331 848 1385 uerbo
905 1330 1096 1397 finito.-
1146 1331 1228 1383 fui
1289 1331 1496 1384 nescius
1555 1347 1741 1385 errans

681 1400 711 1453 I
747 1400 834 1463 33,
876 1399 927 1452 2.
974 1399 1128 1466 quasi
1164 1400 1240 1452 sit
1275 1400 1421 1452 Deus
1456 1399 1645 1454 absens
1682 1400 1739 1453 11

676 1468 762 1533 35,
815 1467 899 1521 20.
950 1495 1021 1506 -
1070 1469 1339 1521 nominat.
1381 1470 1586 1535 partic.
1637 1484 1742 1536 pro

678 1551 857 1590 accus.
896 1552 939 1589 c.
974 1535 1111 1599 inf..-
1159 1536 1476 1589 simulantes
1516 1537 1580 1605 (P)
1619 1553 1739 1591 con-

609 1603 1526 1739 passssiiiti'ffii-”inissssissm116ff2’
1561 1605 1596 1659 4

948 1709 1012 1719 -
1435 1710 1452 1736 ἲ

609 1741 1193 1863 Ριξιιιὲιιᾝέαωοωε)
1231 1741 1260 1794 I
1294 1742 1376 1803 26,
1428 1741 1513 1794 20.
1560 1741 1621 1795 II
1661 1740 1741 1805 10,

605 1891 818 1944 pascere
850 1898 919 1926 =
954 1877 1087 1931 cibis
1132 1892 1392 1942 recreare,
1439 1879 1515 1932 ad
1550 1894 1740 1933 cenam

675 1961 878 2000 uocare
913 1945 942 2000 1
977 1946 1062 2010 30,
1101 1944 1149 1997 7.
1194 1945 1253 2000 11
1287 1946 1371 2009 20,
1413 1948 1494 2004 17.
1532 1948 1617 2012 29,
1658 1948 1739 2001 17.

676 2015 762 2078 37,
800 2016 847 2067 1.
883 2016 934 2067 2.
968 2014 1021 2067 5.
1057 2015 1107 2067 6.
1144 2018 1205 2074 A.
1240 2015 1343 2068 817

608 2084 808 2150 pascha
843 2083 902 2136 H
938 2083 1018 2147 34,
1063 2084 1093 2135 1

606 2151 877 2218 passibilis
902 2172 971 2198 =
995 2152 1152 2205 malis
1186 2151 1481 2205 obnoxius:
1506 2154 1571 2206 ut
1597 2153 1739 2206 Deus

676 2219 947 2287 passibilis
983 2219 1134 2271 fieret
1169 2220 1234 2271 A.
1268 2220 1373 2273 414

606 2289 809 2354 passim
866 2310 932 2334 =
990 2293 1211 2351 temere,
1280 2289 1614 2342 inconsulte:
1684 2293 1739 2343 et

676 2370 830 2409 nemo
868 2355 1069 2409 sciebat
1104 2355 1396 2409 Dominum
1431 2357 1737 2426 passimque

676 2425 919 2477 uiuentes
956 2427 1019 2476 A.
1055 2424 1123 2476 46

604 2494 782 2560 passio
818 2492 1024 2545 Christi
1058 2493 1125 2544 A.
1160 2492 1276 2546 311.
1314 2492 1418 2545 413

604 2565 789 2628 pastor
810 2582 881 2609 =--·
904 2560 1460 2630 episcopuastntistes
1482 2562 1735 2617 ecclesiae

671 2631 733 2685 II
756 2631 840 2695 27,
866 2631 917 2684 8.
940 2630 1009 2683 28
1031 2630 1197 2683 inser.
1229 2635 1281 2683 et
1308 2647 1366 2684 u.
1393 2632 1441 2682 1.
1476 2631 1527 2684 6.
1561 2631 1648 2684 10.
1666 2658 1735 2672 —-

672 2721 742 2746 =
777 2699 1136 2753 conuiuator:
1176 2698 1235 2752 II
1272 2698 1337 2752 37
1376 2699 1541 2753 itaer.

603 2768 783 2833 patria
818 2788 884 2814 =
921 2767 1131 2831 civitae,
1168 2767 1434 2834 oppidum
1467 2767 1533 2820 A.
1573 2767 1734 2833 1031;

671 2836 741 2901 cf.
779 2840 1053 2889 comment.

601 2907 720 2970 pati
745 2904 1015 2958 absolute:
1042 2903 1305 2956 Dominus
1323 2919 1511 2970 passus
1529 2905 1595 2958 A.
1615 2905 1735 2959 362.

670 2972 789 3025 450.
842 2970 1074 3040 qualiter
1127 2986 1159 3023 a
1210 2972 1405 3039 populo
1459 2976 1735 3039 pateretur

673 3039 737 3094 A.
791 3041 909 3095 550.
969 3055 1115 3093 mens
1169 3040 1378 3108 patiens
1429 3041 1516 3107 (=
1569 3042 1732 3109 mitis)

671 3109 838 3230 ῗιίοέἰέ
874 3107 935 3230 131
972 3108 1019 3174 7,
1069 3109 1150 3162 18.
1202 3108 1278 3161 sit
1316 3111 1527 3177 patiens
1564 3115 1735 3164 rector

838 3215 851 3241 ²

603 3246 875 3312 patienter
912 3245 1091 3298 omnia
1126 3247 1297 3313 gessit
1332 3244 1400 3299 A.
1433 3246 1537 3300 416

603 3314 874 3380 patientia
906 3328 1036 3365 uera
1069 3313 1098 3367 1
1134 3315 1218 3379 28,
1257 3317 1288 3367 1

606 3380 908 3448 patriarcha
944 3381 1009 3435 A.
1043 3380 1144 3434 297

600 3449 954 3570 μέἕθτῖηἰιιε
1003 3450 1357 3519 (pauperclus)
1406 3450 1434 3504 I
1471 3452 1521 3516 9,
1567 3450 1617 3503 4.
1671 3451 1730 3504 Π

601 3587 846 3655 pauperie
881 3586 1050 3639 ureris
1085 3586 1114 3639 I
1150 3586 1232 3651 26,
1273 3588 1336 3641 16

600 3670 825 3723 pausare
874 3680 938 3699 -
975 3654 1273 3722 quiescere:
1326 3659 1620 3726 pausantes
1673 3660 1731 3710 in

666 3724 803 3777 lecto
857 3738 952 3776 suo
1003 3723 1062 3778 11
1117 3723 1163 3788 1,
1224 3724 1311 3777 27.
1375 3726 1613 3779 omnium
1666 3728 1733 3779 ut

700 3795 923 3913 fuggmii
930 3792 1238 3860 praecordia
1265 3796 1419 3847 tanto
1439 3798 1649 3848 tumore
1667 3796 1728 3862 (?)

600 3928 855 3997 pauidare
900 3950 969 3975 =
1013 3934 1247 3982 terreret
1309 3945 1443 3999 quae
1504 3930 1730 3999 pauidat

666 3999 845 4049 totum
880 3996 1059 4050 orbem
1095 3997 1160 4050 A.
1201 3998 1335 4051 1002

598 4080 699 4133 pax
735 4064 959 4119 subdola
995 4065 1046 4118 11
1071 4066 1140 4119 25
1179 4068 1347 4123 inser.
1384 4073 1437 4120 et
1472 4084 1530 4121 u.
1566 4067 1614 4120 7.
1647 4069 1729 4121 12.

667 4132 750 4195 29,
787 4133 834 4185 6.
872 4132 1072 4187 bellum
1096 4135 1155 4187 in
1178 4134 1494 4189 absconsum
1520 4136 1730 4204 geritur

666 4201 769 4255 sub
823 4216 947 4267 pace
994 4201 1054 4255 11
1102 4203 1185 4268 25,
1239 4203 1287 4255 9.
1336 4235 1401 4244 -
1437 4220 1538 4273 pax
1573 4204 1727 4257 uobis

668 4272 732 4323 A.
768 4270 888 4323 554.
922 4269 1028 4323 560
1058 4271 1222 4336 (bibl.)

599 4353 836 4408 peccaret
874 4336 957 4390 bis
992 4338 1101 4391 Deo
1136 4355 1321 4407 peccas
1358 4340 1416 4394 11
1449 4340 1505 4404 6,
1545 4341 1605 4405 ‘73
1653 4341 1725 4406 cf.

666 4407 726 4461 ΙΙ
763 4407 811 4471 7,
848 4406 882 4459 8
917 4406 1036 4474 regi
1071 4406 1349 4477 delinquet

1674 462 1879 515 Index

1832 648 2045 715 pectus:
2092 648 2306 715 pectora
2351 647 2514 700 nimis
2551 647 2730 701 clausa
2764 648 2829 702 A.
2864 649 2952 703 47.

1898 715 2210 783 pertundite
2247 720 2431 783 peetus
2468 714 2527 769 11
2567 716 2648 780 18,
2688 718 2754 771 11

1832 784 2137 851 peculantia
2157 784 2221 851 (2)
2259 783 2319 837 ΙΙ
2356 784 2440 848 29,
2478 784 2542 837 13

1828 867 1988 919 pecus
2025 888 2040 902 .
2079 890 2092 904 .
2130 852 2362 905 ferinum
2400 853 2426 905 Ι
2462 852 2548 916 34,
2589 853 2623 905 5

1829 919 2055 988 pendere
2088 940 2159 968 =
2334 921 2344 931 '
2419 921 2466 973 i:
2503 921 2563 972 in
2587 921 2738 988 ligno
2764 922 2952 989 pendit

1897 990 2016 1042 uita
2068 987 2095 1040 I
2138 988 2222 1051 35,
2267 989 2317 1041 9.
2385 989 2638 1068 pependit
2691 989 2806 1057 ipse
2856 1005 2949 1058 pro

1897 1056 2053 1110 nobis
2088 1056 2119 1110 1
2151 1056 2237 1120 40,
2276 1056 2357 1111 10.
2417 1058 2527 1109 nisi
2561 1057 2669 1110 dux
2705 1057 2952 1111 ciuitatis

1900 1163 1913 1175 .
1951 1163 1965 1175 .
2001 1124 2257 1192 penderet
2302 1126 2360 1178 in
2407 1125 2555 1193 ligno
2608 1127 2676 1180 A.
2720 1126 2822 1180 247
2871 1142 2953 1193 sq.

1900 1194 2051 1260 ligno
2088 1229 2101 1243 .
2127 1230 2141 1243 .
2178 1209 2283 1261 quo
2309 1194 2453 1246 Deus
2479 1194 2733 1262 pependit
2757 1196 2820 1248 A.
2845 1194 2946 1248 327

1899 1277 1978 1330 sq.
2013 1262 2133 1315 518.
2171 1262 2287 1315 615.
2326 1261 2426 1314 772
2462 1262 2557 1328 (cf.
2580 1264 2775 1317 incert.
2801 1268 2946 1317 auct.

1898 1346 2063 1384 carm.
2101 1329 2234 1383 adu.
2269 1330 2547 1383 Marcion.
2584 1331 2663 1384 ΙΙ
2687 1334 2813 1393 191)

1830 1414 1923 1466 per
1960 1399 2148 1461 locum,
2185 1399 2445 1465 spatium,
2483 1404 2711 1466 tmpus,
2734 1399 2954 1453 modum

1896 1468 2237 1535 siqnifiicans:
2279 1467 2554 1519 uidebitur
2591 1504 2604 1518 .
2631 1509 2647 1525 .
2684 1468 2952 1535 quadriga

1906 1551 1993 1603 per
2039 1539 2186 1587 astra
2231 1536 2296 1588 A.
2344 1535 2463 1589 903.
2535 1552 2629 1603 per
2673 1535 2952 1589 duodecim

1898 1602 2052 1656 milia
2086 1603 2263 1656 stadia
2306 1603 2436 1665 lata,
2494 1603 2674 1673 longa,
2726 1605 2803 1657 sic
2839 1604 2953 1657 alta

1900 1671 2115 1737 (ciuitas
2152 1674 2255 1737 est)
2303 1671 2362 1726 11
2396 1672 2447 1734 3,
2487 1672 2571 1726 16.
2641 1675 2705 1724 ut
2739 1675 2947 1741 tegeret

1897 1755 2010 1862 {022³
2048 1740 2201 1808 (dies)
2237 1756 2330 1807 per
2365 1740 2650 1861 sollgmtnia
2673 1745 2860 1793 sancta
2883 1746 2950 1795 A.

1899 1846 2067 1944 agant
2086 1824 2547 1944 ffrl'goussznssug
2565 1808 2951 1944 pugssxpniggng

1897 1947 1963 1998 A.
1997 1944 2118 1997 450.
2153 1960 2246 2012 per
2282 1945 2423 2012 quod
2461 1947 2547 2011 (=-
2574 1960 2686 2012 qua
2708 1947 2947 2009 ratione)

1899 2013 2047 2081 prius
2081 2013 2349 2066 hominem
2387 2017 2751 2081 prostrauerat
2785 2015 2950 2067 morti

1897 2082 2183 2149 malignus,
2220 2097 2280 2134 ex
2316 2082 2432 2150 ipso
2470 2086 2561 2142 (=
2595 2081 2782 2135 eadem
2805 2085 2948 2135 rati-

1897 2152 2020 2215 one)
2058 2149 2301 2202 deuictus
2337 2151 2400 2202 A.
2436 2149 2537 2203 321
2564 2164 2642 2216 sq.
2668 2178 2740 2189 -
2774 2172 2837 2197 =
2868 2165 2949 2203 se-

1895 2216 2165 2272 cundum:
2200 2234 2292 2286 per
2328 2218 2500 2285 legem
2536 2219 2720 2271 uiuere
2755 2217 2816 2272 ΙΙ
2843 2217 2887 2283 1,
2914 2218 2949 2271 5

1827 2300 2176 2355 peraequarex
2213 2285 2446 2339 radicem
2470 2287 2528 2338 in
2553 2288 2695 2339 terra
2720 2286 2947 2352 (habet),

1892 2355 2195 2476 Ξοᾱῃοειριιῢ
2231 2370 2353 2408 cum
2388 2355 2533 2408 caelo
2568 2357 2857 2424 peraequat
2891 2355 2950 2408 ΙΙ

1824 2492 2091 2560 percipere
2126 2513 2193 2537 =
2221 2491 2378 2558 pati:
2427 2490 2559 2544 haec
2593 2491 2741 2543 mala
2776 2492 2945 2560 perci-

1892 2559 2051 2629 piunt
2067 2561 2134 2614 A.
2151 2559 2270 2615 821.
2286 2589 2357 2599 —
2373 2581 2441 2606 =
2458 2560 2746 2628 concipere
2764 2566 2948 2615 utero:

1893 2628 2520 2751 Xffip³¹²03ffi3¹30t0
2563 2628 2944 2751 ioe‘uffdm‘ss

2001 2714 2029 2749 r
2082 2714 2133 2749 m
2431 2738 2443 2761 ‚
2500 2733 2515 2746 .
2538 2725 2610 2738 -—-
2629 2720 2690 2743 --
2794 2714 2945 2762 cere:

1893 2765 2150 2888 {eggipiltle
2174 2765 2410 2818 iuniores
2436 2764 2654 2819 Christo
2693 2766 2948 2834 probatos

1822 2903 2040 2972 perdere
2073 2924 2140 2950 =
2176 2902 2390 2957 tollere:
2426 2900 2637 2970 perdita
2663 2902 2747 2956 lex
2770 2904 2946 2971 prima

1891 2971 1918 3024 I
1952 2972 2038 3036 35,
2080 2971 2157 3025 15.
2191 3001 2262 3013 —-
2311 2993 2381 3017 =
2415 2971 2694 3025 amittere:
2733 2971 2946 3039 perdere

1889 3043 2088 3093 terram
2106 3042 2172 3093 A.
2191 3040 2309 3093 246.
2333 3040 2453 3092 393.
2490 3040 2702 3108 perdita
2722 3040 2947 3108 coniuge

1889 3106 2123 3230 dAeflggzl
2159 3109 2243 3172 26,
2282 3109 2363 3162 14.
2406 3137 2477 3149 —-
2521 3108 2743 3176 perdere
2778 3110 2944 3162 morti

1823 3244 2080 3325 perditio·
2100 3265 2171 3291 =
2208 3244 2503 3311 pernicies,
2535 3244 2738 3313 pestis:
2792 3244 2943 3299 urbis

1819 3314 2126 3461 pepgggtrzo:
2156 3312 2301 3436 {effi
2326 3317 2422 3435 {sets
2448 3314 2945 3450 ἓᾶῐὲἓὸροτᾶαοιιῃῢ

1891 3451 2104 3519 poenali
2140 3450 2395 3503 barathro
2435 3450 2462 3503 I
2499 3451 2586 3516 34,
2625 3453 2692 3503 10

1823 3534 2076 3587 perennes
2113 3520 2319 3587 gratias
2355 3519 2547 3572 referre
2584 3519 2611 3572 Ι
2649 3519 2732 3582 29,
2774 3518 2839 3573 13

1820 3586 2049 3655 perfidus
2074 3609 2141 3633 =
2158 3587 2492 3647 incredulus,
2517 3605 2555 3640 a
2569 3587 2681 3653 fide
2709 3587 2945 3642 Christi-

1885 3671 2003 3708 ana
2037 3656 2255 3709 alienus
2291 3658 2357 3709 A.
2390 3657 2495 3710 575

1819 3724 2021 3792 perfrui
2056 3740 2102 3777 c.
2139 3740 2347 3777 accus-z
2392 3726 2567 3777 uitam
2614 3740 2669 3791 p.
2705 3724 2733 3777 Ι
2770 3723 2853 3785 26,
2894 3724 2944 3777 9.

1888 3794 2229 3861 perfruamur
2277 3794 2460 3846 omnia
2504 3794 2668 3847 saecli
2713 3793 2777 3844 A.
2826 3792 2946 3846 760.

1886 3891 1958 3901 —-
1990 3862 2242 3915 absolute
2277 3861 2306 3915 1
2342 3861 2426 3925 26,
2462 3862 2531 3914 22

1819 3931 2050 3995 peritus:
2089 3929 2203 3982 iure
2240 3929 2442 3996 peritus
2478 3932 2543 3981 A.
2580 3930 2680 3984 587

1820 3998 2166 4066 permissione
2201 3997 2305 4050 Dei
2338 4000 2400 4048 A.
2438 3999 2541 4051 976

1820 4066 2116 4189 ΡθῐΑωοῖὲῙ
2152 4067 2216 4119 27
2265 4067 2430 4120 inscr.
2468 4073 2520 4120 et
2554 4083 2609 4119 u.
2652 4068 2697 4119 1.
2732 4066 2819 4132 29,
2861 4068 2940 4120 18.

1818 4203 2111 4270 permutati
2147 4204 2274 4256 uino
2309 4223 2379 4250 =
2415 4204 2550 4257 ebrii
2585 4203 2613 4256 Ι
2651 4204 2732 4266 12,
2774 4204 2838 4257 16

1817 4274 2103 4340 perpetuus
2140 4292 2204 4319 ==
2240 4277 2526 4326 aeternus:
2564 4273 2652 4325 hic
2681 4272 2790 4325 erit
2825 4289 2944 4341 per-

1884 4343 2080 4463 ffituus
2118 4343 2181 4393 A.
2216 4340 2335 4394 805.
2373 4341 2431 4393 in
2466 4345 2723 4409 perpetuo
2759 4341 2819 4394 11
2856 4342 2941 4404 39,
