3290 5187
1155 430 1438 489 Carmen
1474 434 1996 503 apologeticum.
2583 437 2704 503 133

576 619 669 684 De
722 622 954 686 uirtute
1001 639 1116 685 sua
1161 620 1536 706 carna<liter
1582 622 1796 706 na>sci
1850 623 1950 709 <se
1997 624 2184 709 fecit>

578 768 613 807 *
922 769 960 808 *
1267 769 1300 806 *
1608 769 1644 808 *
1952 772 1987 810 *
2295 774 2328 813 *

581 870 614 909 *
929 871 962 908 *
1273 830 1421 892 licet
1469 828 1671 893 facere
1718 828 2025 893 fimbriam
2074 850 2281 897 unam.

445 931 720 1001 ‹2⁸0›Iam
765 948 906 994 caro
948 929 1117 995 Deus
1163 936 1314 1008 erat,
1362 932 1428 994 in
1477 949 1597 1012 qua
1640 930 1758 996 Dei
1805 932 2010 996 uirtus
2055 935 2302 1016 agebat.

443 1052 551 1102 286
584 1033 766 1114 Quid,
813 1034 974 1113 quod
1021 1034 1359 1116 prophetae
1408 1037 1659 1115 canunt,
1722 1034 2105 1100 inuisibilem
2152 1056 2286 1102 esse
2331 1038 2693 1120 uidendum,

577 1137 663 1201 Vt
709 1136 960 1200 claritas
1007 1140 1188 1202 tanta
1231 1136 1409 1201 fieret
1452 1136 1637 1202 homo
1687 1155 1927 1220 quoque
1972 1156 2083 1220 pro
2132 1139 2331 1205 nobis.

649 1408 749 1463 285
788 1407 928 1460 Esai.
966 1406 1049 1470 25,
1088 1406 1149 1471 93
1184 1405 1271 1474 40,
1310 1408 1374 1475 9,·
1410 1407 1492 1472 52,
1534 1407 1626 1473 1ος
1663 1408 1744 1473 53,
1788 1410 1814 1462 1
1855 1423 1967 1478 sqq.
1983 1409 2050 1475 (P)
2225 1410 2325 1463 2813
2362 1409 2501 1465 Esai.
2536 1412 2625 1479 40,
2661 1414 2697 1466 5

443 1494 624 1564 (Cypr.
664 1510 716 1561 p.
751 1493 834 1560 69,
871 1492 907 1545 4
941 1490 1065 1557 Η.>;
1102 1492 1169 1545 cf.
1211 1491 1327 1548 Ioh.
1368 1493 1413 1556 l,
1455 1493 1518 1546 14

440 1734 559 1788 loco
595 1734 709 1788 iam
754 1735 946 1787 monui
992 1732 1075 1796 (S.
1125 1736 1237 1786 107
1275 1750 1333 1802 p.
1371 1737 1534 1802 794);
1578 1734 1655 1787 ad
1694 1734 1908 1802 prioris
1955 1739 2134 1787 autem
2172 1736 2360 1801 partis
2408 1737 2695 1807 caliqinem

442 1822 642 1891 aliqua
680 1837 747 1875 ex
778 1827 941 1890 parte
977 1820 1371 1874 illustrandam
1407 1820 1560 1874 haud
1594 1820 1817 1873 inutilis
1852 1821 1985 1874 mihi
2009 1819 2236 1873 uidetur
2260 1821 2408 1875 locus
2437 1824 2693 1879 Tertulli-

439 1923 619 1961 aneus
654 1907 744 1974 (de
772 1922 1025 1975 praescr.
1063 1909 1269 1962 haeret.
1309 1925 1354 1962 c.
1395 1913 1509 1972 13):
1546 1911 1817 1977 postremo
1859 1906 2098 1960 delatum
2140 1909 2391 1967 (uerbum
2414 1932 2483 1956 =
2517 1911 2696 1977 filium

441 1995 575 2061 Dei)
619 2010 688 2048 ex
725 1996 924 2064 spiritu
962 1997 1133 2064 patris
1169 1995 1294 2048 Dei
1332 1998 1386 2047 et
1424 1994 1698 2048 uirtute
1748 1995 1805 2046 in
1855 1993 2124 2061 uirginem
2174 1994 2403 2048 Mariam
2449 1997 2693 2069 (Euanq.

441 2082 577 2135 Luc.
614 2086 664 2146 1,
701 2085 812 2148 35),
868 2097 1132 2135 carnem
1182 2081 1444 2135 factum
1495 2082 1551 2134 in
1600 2088 1753 2134 utero
1802 2082 1918 2135 eius
1964 2083 2017 2133 et
2063 2096 2127 2134 ex
2162 2097 2222 2134 ea
2258 2085 2488 2136 natum
2525 2087 2693 2138 exisse

439 2166 622 2220 Iesum
657 2166 950 2222 Christum.
992 2168 1189 2222 Primo
1226 2171 1416 2238 iyitur,
1454 2169 1566 2222 nisi
1587 2168 1773 2234 fallor,
1818 2166 2237 2223 Commodianus
2272 2167 2340 2221 de
2372 2169 2587 2224 Christo
2623 2189 2693 2226 ex

438 2255 652 2308 uirtute
686 2254 796 2308 Dei
831 2260 964 2309 nato
1000 2257 1091 2310 uel
1118 2256 1322 2322 potius,
1373 2262 1436 2309 ut
1482 2261 1600 2308 erat
1647 2255 1742 2309 ille
1788 2255 2256 2322 Monarchianus,
2286 2254 2371 2308 cle
2415 2256 2537 2311 Deo
2583 2274 2690 2313 sua

437 2340 617 2407 ipsius
652 2341 861 2394 uirtute
894 2342 958 2394 in
1003 2341 1221 2396 Christo
1256 2342 1412 2395 nasci
1448 2357 1506 2396 se
1541 2340 1782 2407 faciente
1820 2342 1944 2410 eyit,
1992 2340 2194 2395 deinde
2229 2357 2298 2394 ex
2331 2343 2619 2398 miraculis
2654 2362 2711 2398 a·

438 2425 660 2480 Christo
697 2427 861 2479 editis
894 2443 1067 2480 unum
1104 2427 1289 2480 attulit
1328 2427 1559 2491 (Matth.
1594 2430 1676 2491 14,
1714 2430 1831 2493 36),
1867 2432 1948 2492 ut,
1984 2432 2258 2495 quantum
2301 2429 2366 2481 in
2399 2428 2497 2483 illo
2530 2432 2696 2484 ualu-

435 2513 568 2565 isset
593 2514 777 2566 uirtus
797 2512 1018 2579 diuina,
1040 2514 1282 2581 exemplo
1303 2514 1775 2581 comprobaretur.
1802 2515 2026 2568 Prioris
2043 2515 2347 2568 sententiae
2368 2517 2690 2586 nouissima,

432 2601 757 2667 posterioris
789 2600 974 2666 prima
1001 2616 1141 2667 pars
1166 2617 1288 2654 cum
1304 2600 1537 2667 periisse
1562 2601 1840 2664 uideatur,
1879 2602 2104 2654 maioris
2128 2600 2366 2654 lacunae
2387 2603 2694 2671 interposui

437 2686 618 2754 siqna.
699 2686 950 2740 Ceterum
983 2687 1228 2753 primum
1264 2702 1487 2739 uersum
1525 2692 1816 2754 utcumque
1831 2693 2087 2754 poteram
2123 2688 2427 2754 composui3
2461 2690 2696 2758 reliquis

437 2789 663 2829 manum
700 2772 1002 2826 admouere
1043 2788 1158 2827 non
1194 2788 1370 2826 ausus
1405 2789 1541 2827 sum.
1581 2801 1647 2811 -
1684 2773 1764 2825 De
1800 2773 2077 2829 locutione
2112 2773 2399 2826 carnaliter
2432 2776 2583 2830 nasci
2616 2777 2693 2843 cf.

438 2875 493 2911 u.
531 2862 640 2912 403
678 2858 995 2912 Praedictus
1030 2860 1114 2912 est
1149 2859 1298 2912 Deus
1335 2860 1724 2912 carnaliter
1772 2861 1990 2925 nasci3
2046 2858 2112 2911 de
2149 2857 2320 2911 facere
2355 2876 2411 2912 se
2446 2876 2570 2915 cum
2601 2863 2696 2917 in-

435 2944 664 3009 finitiuo
701 2944 771 3010 cf.
800 2961 857 2998 u.
884 2948 1005 2998 122.
1043 2975 1111 2986 -
1135 2946 1388 3000 Roensch
1415 2945 1699 3007 (Berliner
1734 2943 2167 3009 Wockenschrift
2198 2943 2250 2998 V
2271 2945 2453 3012 (1885)
2471 2964 2532 3014 p.
2556 2950 2691 3016 401)

435 3031 517 3084 ita
564 3031 740 3085 locum
789 3031 1136 3086 scribendum
1184 3039 1396 3087 censet.-
1448 3032 1527 3085 De
1576 3032 1783 3085 uirtute
1832 3047 2042 3083 curasse
2089 3047 2185 3083 sua
2233 3031 2368 3097 legis
2413 3031 2689 3087 fimbriam

351 3110 358 3116 ’
436 3133 613 3181 unam,
671 3133 897 3185 eamque
954 3117 1266 3183 opinionem
1313 3116 1513 3169 litteris
1561 3114 1634 3167 ad
1679 3131 1763 3169 me
1809 3115 1958 3167 datis
2001 3115 2086 3167 ita
2120 3113 2432 3171 rationibus
2464 3115 2690 3180 firmat:

431 3202 526 3258 ‘In
573 3203 721 3258 diese
765 3203 1017 3270 weniqen
1079 3202 1267 3255 Worte
1319 3203 1405 3270 ist,
1461 3203 1564 3255 wie
1613 3202 1703 3255 ich
1749 3201 1962 3270 ylaube,
2018 3200 2109 3253 die
2151 3216 2323 3269 qanze
2357 3200 2690 3273 Erzdhlunq

436 3290 575 3345 Luc.
611 3295 667 3356 8,
708 3292 779 3343 43
795 3319 833 3328 -
849 3293 923 3343 48
949 3288 1086 3342 kurz
1107 3288 1705 3358 susanzmenqedro'inyt,
1741 3287 1839 3357 vyl.
1865 3287 2205 3341 namentlich
2229 3287 2465 3341 daselbst
2498 3288 2560 3343 V.
2587 3293 2685 3344 44:

435 3378 628 3445 tetigit
673 3375 1040 3438 fimbriam,
1093 3378 1194 3428 46.-
1240 3375 1367 3427 noui
1414 3375 1751 3427 uirtutem
1799 3372 1864 3425 de
1913 3389 1997 3426 me
2034 3373 2243 3437 exiisse,
2297 3376 2399 3427 47.-
2433 3376 2690 3442 quemad-

434 3462 652 3515 modum
679 3461 962 3514 confestim
1004 3463 1248 3514 sanata
1272 3455 1377 3514 sit?
1427 3460 1577 3529 Quae
1603 3461 2012 3528 arqumentatio
2036 3459 2152 3513 uiri
2177 3459 2475 3513 doctissimi
2498 3478 2689 3530 quam·

434 3565 597 3617 quam
650 3548 804 3603 haud
856 3548 1208 3602 mediocriter
1262 3564 1345 3600 me
1398 3552 1595 3613 mouet,
1650 3546 1912 3599 dubitaui
1963 3551 2149 3599 tamen
2202 3562 2340 3613 quae
2393 3549 2687 3614 proposuit

433 3637 693 3703 recipere,
723 3635 1058 3702 pracsertim
1093 3650 1214 3687 cum
1251 3648 1480 3687 uersus.-
1516 3632 1602 3685 De
1641 3633 1849 3685 uirtute
1887 3648 2098 3684 curasse
2134 3648 2227 3685 sua
2253 3632 2389 3699 legis
2415 3632 2690 3688 fimbriam

433 3738 598 3775 unam
656 3721 894 3791 leqitima
964 3720 1120 3788 apud
1187 3718 1635 3773 Commodianum
1707 3734 1942 3771 caesura
2010 3718 2414 3786 semiquinaria
2472 3726 2660 3774 careat
2670 3740 2691 3786 ;

432 3809 506 3875 cf.
543 3809 821 3872 Hanssen,
876 3805 943 3859 de
990 3812 1112 3859 arte
1157 3806 1382 3859 metrica
1420 3805 1690 3860 Commod.
1728 3804 1768 3875 ἕ
1803 3809 1839 3859 2
1871 3821 1928 3873 p.
1968 3808 2031 3872 7;
2092 3803 2258 3858 With.
2296 3804 2508 3873 Meyer,
2544 3806 2688 3861 Abla.

425 3911 487 3963 p.
523 3898 642 3949 289
777 3892 883 3946 284
921 3893 1065 3945 Deus
1104 3896 1221 3945 erat
1258 3892 1331 3946 Ρι
1368 3893 1464 3959 (cfi
1500 3910 1558 3947 u.
1595 3895 1757 3959 342„
1794 3891 2001 3945 deserat
2037 3894 2124 3945 M
2128 3912 2140 3956 3
2188 3891 2466 3943 deseratur
2503 3884 2684 3956 (nun-

432 3982 588 4034 mehr
622 3979 758 4034 wird
795 3978 890 4032 das
927 3979 1142 4033 Fleisch
1180 3979 1514 4032 erschlossen
1563 4016 1575 4030 .
1598 4016 1635 4044 .‚
1689 3978 1739 4034 d.
1787 3981 1839 4030 h.
1890 3978 1980 4032 der
2016 3976 2146 4031 Leib
2194 3976 2285 4029 der
2319 3975 2489 4029 Maria
2529 3977 2686 4032 iiber-

433 4067 674 4119 schattet
720 4060 816 4133 ..’)
854 4067 949 4120 uel
985 4066 1077 4119 sed
1114 4068 1232 4117 erat
1270 4064 1381 4129 Lb3
1421 4064 1618 4118 uerbus
1655 4068 1771 4118 erat
1810 4065 1890 4132 (in
1926 4066 2071 4133 quo)
2120 4062 2212 4116 uel
2250 4061 2480 4117 desierat
2516 4064 2689 4131 (idem

432 4153 531 4217 1³³)
569 4152 663 4206 uel
698 4152 945 4204 desuerat
981 4153 1068 4220 (=
1108 4150 1453 4218 desueuerat)
1490 4149 1574 4215 Β,
1611 4151 1954 4204 descenderat
1991 4149 2081 4204 Ld
2257 4161 2354 4215 age
2392 4147 2489 4201 bat
2527 4151 2684 4217 (sicl)

430 4243 517 4295 M
663 4239 767 4293 284
803 4255 913 4308 sqq.
952 4239 1163 4306 agebat,
1203 4238 1367 4305 (Quid
1411 4276 1428 4290 .
1449 4277 1462 4289 .
1497 4237 1784 4291 uidendum
1799 4237 1849 4304 P)
1885 4236 1962 4290 Vt
1985 4252 2017 4290 v
2152 4233 2257 4289 28⁸
2282 4234 2503 4287 claritas
2529 4237 2690 4290 tanta.

428 4328 515 4392 R,
555 4325 789 4380 charitas
827 4327 1046 4393 (caritas
1084 4324 1198 4390 La)
1237 4328 1394 4377 tanta
1429 4324 1598 4378 ΡῬ3
1612 4323 1734 4388 La,
1774 4323 2028 4377 alacritas
2065 4324 2222 4375 tanto
2259 4323 2346 4374 M
2352 4322 2427 4374 Ρι
