3290 5187
586 498 633 542 X

669 666 884 732 Nouas
931 668 1229 747 quasdam
1277 684 1376 730 res
1422 667 1603 746 addo,
1660 669 1824 733 unde
1869 671 2166 751 appareat
2214 688 2337 735 non
2382 672 2599 753 utique
2643 670 2846 735 solum

588 769 865 833 codicem
911 769 974 839 B
1020 768 1296 851 Rigaltio
1342 771 1417 836 ad
1464 787 1688 835 manus
1735 769 1948 850 fuisse,
1995 791 2139 837 cum
2170 772 2614 840 instructiones
2662 775 2845 839 eden-

585 873 695 937 das
746 875 1012 936 curaret.

670 993 745 1056 In
806 992 1181 1058 relationum
1244 991 1616 1058 Academiae
1679 991 1924 1058 Caesar.
1971 993 2243 1060 Vindob.
2305 997 2623 1061 uolumine
2672 994 2847 1062 CVII

582 1116 640 1178 p.
678 1097 800 1162 738
833 1114 926 1178 sq.
970 1096 1205 1160 multos
1253 1094 1445 1160 attuli
1489 1095 1680 1177 locoS‚
1732 1097 1955 1180 quibus
2002 1098 2192 1164 editio
2228 1100 2510 1182 princeps
2541 1119 2679 1164 cum
2713 1100 2843 1164 cod.

586 1198 1134 1264 Cheltenhamensi
1169 1200 1477 1278 conuenit,
1527 1218 1564 1264 a
1596 1201 1730 1266 cod.
1763 1200 2047 1265 Parisino
2080 1200 2306 1268 differt.
2355 1200 2525 1281 Quae
2556 1203 2839 1284 exempla

583 1320 966 1384 quamquam
1025 1301 1380 1386 sufficiunt,
1450 1320 1641 1367 unum
1704 1307 1946 1381 tamen,
2015 1305 2180 1387 quod
2241 1304 2372 1369 illic
2417 1305 2693 1371 omisisse
2742 1325 2842 1370 me

584 1406 894 1488 paenitet,
939 1406 1041 1470 hic
1089 1408 1334 1471 addam.

668 1527 703 1590 Ι
747 1525 852 1603 23,
902 1526 983 1590 14
1025 1525 1093 1590 in
1138 1525 1408 1591 editione
1454 1527 1733 1608 principe
1779 1527 1931 1592 haec
1977 1526 2305 1610 leguntur:

868 1629 945 1692 In
990 1628 1335 1711 supplicem
1379 1630 1590 1710 prodis
1638 1629 1772 1705 dei,
1821 1631 1937 1695 sub
1982 1631 2239 1712 aspectu
2285 1629 2559 1712 tyranni.

671 1749 842 1812 Illud
907 1748 1011 1812 dei
1078 1767 1273 1830 neque
1337 1749 1405 1813 in
1459 1751 1522 1819 Β
1576 1769 1773 1833 neque
1831 1750 1898 1814 in
1939 1750 2013 1821 A
2071 1751 2391 1815 inuenitur
2447 1749 2706 1831 ideoque
2767 1748 2844 1814 ab

584 1852 846 1917 Ernesto
892 1851 1154 1935 Ludwig
1200 1852 1515 1916 omittitur
1530 1894 1554 1930 ‚-
1595 1871 1972 1934 quamquam
2020 1870 2089 1916 ea
2134 1872 2200 1918 re
2244 1871 2461 1917 uersus
2509 1852 2841 1918 claudicat.

582 1956 675 2020 At
721 1954 1297 2020 Cheltenhamensis
1344 1954 1603 2020 editioni
1663 1954 1934 2038 principi
1993 1955 2111 2019 hoc
2155 1974 2398 2038 quoqne
2444 1957 2575 2020 loco
2621 1957 2845 2021 suffra-

582 2064 790 2143 gatur.
866 2060 1086 2141 Itaque
1134 2076 1274 2122 oum
1321 2077 1398 2123 ne
1446 2059 1889 2140 sagacissimus
1937 2059 2192 2141 quidem
2247 2060 2432 2125 homo
2494 2061 2846 2125 coniectura

582 2162 869 2246 supplere
915 2179 1134 2226 uocem
1178 2160 1280 2224 dei
1321 2161 1628 2244 potuerit,
1696 2160 1957 2226 dubium
2005 2180 2129 2225 non
2177 2164 2301 2240 est,
2371 2162 2523 2245 quin
2566 2161 2843 2245 Rigaltio

583 2270 830 2348 praeter
889 2264 1252 2330 Parisinum
1310 2263 1472 2327 alius
1532 2282 1774 2346 quoque
1836 2265 2026 2329 codex
2085 2264 2356 2330 adfuerit
2378 2313 2393 2340 ,
2456 2284 2639 2347 quem
2698 2283 2844 2331 con-

585 2369 839 2434 suleret.
1771 2385 1776 2389 ·

670 2487 1027 2553 Acrostichi
1071 2487 1104 2551 I
1154 2486 1232 2551 13
1278 2505 1533 2551 uersum
1578 2487 1619 2550 5
1664 2486 1983 2569 Rigaltius
2030 2486 2119 2551 sic
2162 2486 2443 2570 scripsit:

874 2590 1033 2657 Cum
1076 2592 1131 2656 si
1176 2591 1326 2656 deus
1374 2592 1536 2655 esset
1583 2607 1858 2672 unquam
1902 2610 2025 2656 non
2069 2591 2238 2656 furto
2284 2591 2560 2658 uiuebat.

585 2713 763 2776 Idem
806 2711 872 2776 in
919 2712 1360 2777 commentario
1405 2714 1698 2777 adnotat:
1745 2708 1906 2776 ‘Est
1951 2711 2082 2794 qui
2127 2712 2382 2777 malit:
2432 2733 2573 2776 cum
2602 2713 2662 2777 si
2689 2715 2843 2779 deus

583 2819 754 2896 esset,
801 2816 957 2897 utiq.
1012 2815 1190 2897 (sici)
1234 2835 1368 2879 non
1410 2815 1581 2895 furto
1610 2814 1884 2879 wluebat.
1956 2815 2075 2879 Sed
2109 2815 2258 2879 haec
2285 2816 2597 2897 particula
2624 2817 2845 2897 utique

584 2937 797 2984 rursus
829 2921 1106 2984 occurret
1134 2938 1320 2984 uersu
1353 2920 1624 3001 proxime
1655 2915 1840 2998 sequ?
1888 2954 1972 2963 —
2006 2918 2157 2996 Quis
2189 2921 2285 2983 est
2315 2920 2441 2996 ille,
2490 2919 2595 3001 qni
2626 2920 2842 3000 utique
2886 2976 2890 2980 .

585 3023 773 3087 malle
819 3022 1043 3087 dicitur
1088 3042 1274 3104 quam
1326 3021 1668 3103 unquam?
1741 3021 1817 3084 In
1863 3020 2141 3086 Parisino
2189 3022 2438 3102 quidem
2484 3024 2611 3087 sola
2658 3023 2842 3087 lectio

585 3144 874 3205 unquam
915 3125 1263 3199 inuenitur:
1333 3142 1451 3189 non
1497 3124 1701 3207 magis
1745 3123 1812 3187 in
1857 3124 2220 3189 Leidensem
2268 3125 2542 3189 codicem
2590 3127 2840 3206 cadunt,

586 3239 745 3309 quae
777 3228 1089 3312 Rigaltius
1135 3228 1322 3312 dicit3
1368 3228 1457 3292 ibi
1503 3230 1670 3292 enim
1715 3227 1780 3291 in
1827 3231 2002 3291 textu
2047 3247 2400 3310 nunquam,
2448 3229 2514 3293 in
2559 3228 2843 3310 margine

585 3350 872 3413 unquam
944 3332 1244 3412 scriptum
1314 3335 1409 3396 est
1476 3350 1678 3413 neque
1746 3332 2085 3414 quidquam
2153 3335 2476 3413 praeterea
2543 3331 2844 3398 additum.

586 3435 865 3516 Apparet
910 3434 1104 3517 igitur
1148 3434 1501 3515 Rigaltium
1546 3435 1881 3498 lectionem
1923 3436 2137 3515 utique
2182 3453 2251 3497 ex
2298 3434 2421 3498 alio
2467 3434 2638 3498 fonte
2682 3434 2843 3516 peti-

586 3537 777 3622 uisse,
847 3555 1031 3618 quem
1091 3539 1428 3619 genuinum
1490 3538 1684 3602 fuisse
1746 3538 2114 3602 documento
2160 3538 2284 3617 est,
2345 3540 2508 3619 quod
2553 3536 2843 3603 Chelten-

588 3641 898 3706 hamensis
944 3659 1184 3724 quoque
1228 3641 1372 3732 αὐτᾷ
1412 3640 1584 3723 (sici)
1634 3640 1915 3723 praebet.

681 3764 1120 3845 Insequentem
1192 3760 1467 3825 eiusdem
1534 3760 1827 3826 carminis
1904 3778 2152 3824 uersum
2227 3759 2417 3824 editio
2478 3760 2843 3843 Rigaltiana

587 3867 753 3932 hunc
796 3867 863 3930 in
910 3868 1163 3931 modum
1208 3864 1503 3930 tradidit:
1845 3921 1850 3926 .

916 3970 1223 4033 Terrenus
1267 3968 1484 4050 utique
1529 3966 1654 4030 fuit
1700 3969 1760 4030 et
1808 3966 2228 4031 monstriuora
2273 3967 2516 4030 natura.

588 4088 829 4154 Ibidem
889 4089 954 4153 in
1024 4090 1468 4153 commentario
1533 4088 1813 4153 additur:
1878 4086 2130 4152 ‘Placet
2189 4087 2573 4152 emendatio:
2648 4086 2842 4151 Mon·
2934 4086 2938 4090 ’

584 4189 871 4258 struosa?
951 4191 1119 4272 Quae
1181 4191 1527 4257 emendatio
1589 4196 1802 4256 utrum
1864 4192 2060 4274 ipsius
2120 4192 2204 4255 sit
2247 4210 2325 4256 an
2370 4191 2532 4257 alius
2581 4190 2842 4256 alicuius

586 4296 900 4380 Rigaltius
932 4312 1056 4359 non
1088 4293 1263 4359 dicit.
1334 4296 1438 4372 At,
1485 4294 1609 4358 nisi
1642 4294 1843 4372 fallor,
1894 4294 2044 4359 haec
2074 4314 2151 4359 ne
2183 4295 2282 4358 est
2313 4293 2565 4375 quidem
2598 4312 2843 4358 emen-

588 4400 836 4477 datio,
884 4401 955 4462 ut
1000 4397 1141 4479 Rig.
1188 4398 1345 4461 falso
1392 4397 1778 4480 opinabatur,
1827 4399 1931 4462 sed
1978 4399 2303 4478 antiqua
2348 4401 2419 4461 et
2464 4415 2651 4461 uera
2694 4396 2840 4461 lec-
