3290 5187
2603 522 2667 568 XI

409 682 546 748 tio.
614 682 851 745 Eadem
909 684 1075 747 certe
1135 684 1201 747 in
1263 684 1464 750 codice
1509 683 2054 751 Cheltenhamensi
2116 688 2464 767 inuenitur,
2526 709 2668 755 cum

412 785 587 851 codd.
633 785 770 856 BA
815 785 1013 851 solam
1056 787 1387 852 lectionem
1432 789 1868 852 monstriuora
1913 789 2209 855 habeant.

496 888 598 953 Ad
644 888 793 953 haec
839 890 958 953 duo
1005 891 1289 971 exempla
1334 892 1497 955 inter
1539 910 1605 955 se
1658 891 1893 956 similia
1944 894 2206 957 tertium
2259 894 2520 960 accedit.
2596 895 2670 958 In

409 994 675 1058 alterum
708 991 985 1056 eiusdem
1013 992 1344 1057 acrostichi
1378 1012 1631 1058 uersum
1662 995 1980 1076 Rigaltius
2015 996 2297 1080 adnotat,
2330 1017 2441 1079 pro
2475 997 2671 1062 Nunc

409 1115 555 1179 erqo
585 1099 767 1173 retr0,
815 1095 978 1177 quod
1009 1097 1141 1178 ipse
1172 1096 1237 1161 in
1268 1099 1510 1161 textum
1542 1099 1796 1181 recepit,
1832 1097 1900 1161 ‘a
1936 1099 2414 1181 quibusdam’
2452 1100 2671 1166 confici

408 1200 785 1280 scripturam
842 1196 1068 1262 ‘Nunc
1112 1218 1253 1281 erqo
1300 1197 1552 1263 reticeo?
1630 1198 1827 1282 Atqui
1884 1201 2046 1266 hanc
2099 1202 2428 1268 lectionem
2473 1203 2672 1268 altera

408 1320 635 1366 manus
684 1301 913 1366 codicis
958 1299 1533 1367 Cheltenhamensis
1579 1304 1837 1385 praebet
1858 1354 1875 1386 ,
1943 1323 2099 1386 quae
2159 1307 2396 1387 primae
2453 1324 2672 1370 manus

409 1405 784 1488 scripturam
827 1404 1031 1467 retiuo
1075 1406 1168 1469 ita
1211 1406 1473 1470 correxit
1516 1408 1590 1469 ut
1634 1406 1722 1471 sit
1766 1406 2005 1481 reticeo,
2055 1425 2197 1471 cum
2229 1410 2295 1473 in
2329 1410 2504 1474 codd.
2536 1408 2673 1479 BA

410 1528 537 1574 una
568 1509 905 1590 eademque
940 1507 1125 1573 lectio
1171 1511 1376 1573 νεέῖῖιο
1420 1507 1795 1583 inueniatur,
1843 1510 2008 1574 unde
2038 1510 2193 1574 satis
2227 1517 2483 1594 apparet
2515 1512 2673 1576 illud

409 1607 472 1677 ‘a
517 1612 699 1694 quib
720 1611 1002 1676 usdam'
1049 1628 1173 1675 non
1219 1610 1298 1675 ad
1345 1610 1562 1675 horum
1609 1611 1894 1677 codicum
1939 1613 2207 1678 alterum
2259 1616 2505 1689 utrum,
2568 1614 2674 1679 sed

410 1716 491 1779 ad
538 1716 733 1779 alium
777 1714 1047 1796 aliquem
1096 1714 1332 1777 fontem
1378 1714 1706 1796 pertinere.

502 1820 622 1883 Ter
665 1818 863 1899 igitur
907 1817 973 1880 in
1007 1834 1125 1881 uno
1157 1817 1493 1900 eodemque
1525 1819 1798 1882 carmine
1831 1818 2163 1900 perexiguo
2194 1820 2462 1903 uestigia
2494 1819 2672 1884 nobis

412 1922 767 1999 occurrunt,
816 1920 1042 2003 quibus
1076 1939 1402 1985 monemur
1435 1921 1731 2003 RigaltiO,
1781 1939 1923 1985 cum
1967 1923 2407 1986 instructiones
2439 1924 2674 2002 ederet,

412 2025 492 2088 ad
540 2024 777 2088 fontem
822 2023 1127 2105 quendam
1174 2024 1451 2105 patuisse
1500 2024 1763 2102 aditum,
1811 2021 1917 2105 qui
1963 2041 2085 2087 non
2133 2023 2256 2088 fuit
2301 2025 2363 2095 Β
2414 2024 2542 2103 (uel
2573 2024 2666 2103 A)

414 2128 478 2191 et
523 2126 748 2192 similis
796 2127 918 2191 fuit
965 2126 1160 2191 codici
1208 2125 1781 2191 Cheltenhamensi.

499 2230 685 2294 Hunc
748 2232 959 2294 autem
1019 2229 1255 2294 fontem
1316 2249 1500 2312 quem
1546 2230 1740 2294 alium
1786 2230 1983 2295 fuisse
2030 2230 2306 2295 dicamus
2353 2230 2473 2294 nisi
2521 2249 2673 2311 apo-

412 2332 720 2416 graphum
765 2332 1314 2397 Sirmondianuml’
1388 2333 1522 2397 Hoc
1566 2332 1913 2417 RigaltiuS,
1976 2351 2359 2416 quamquam
2402 2333 2674 2415 plerum-

413 2452 531 2517 que
573 2435 861 2499 Parisino
916 2438 1124 2499 nostro
1177 2437 1295 2518 (B)
1356 2437 1683 2514 utebatur,
1754 2435 2070 2500 interdum
2130 2438 2373 2512 tamen,
2442 2435 2553 2499 ubi
2613 2436 2678 2499 in

412 2537 566 2603 locis
599 2538 1063 2604 difficilioribus
1096 2538 1414 2618 haerebat,
1463 2541 1715 2605 uidetur
1748 2538 2125 2605 consuluisse
2156 2537 2369 2622 ibique
2402 2540 2467 2604 in
2498 2540 2676 2603 textu

414 2643 525 2705 aut
580 2642 745 2706 inter
790 2642 985 2708 lineas
1033 2648 1140 2708 aut
1185 2645 1244 2707 in
1293 2643 1572 2725 margine
1604 2640 1684 2727 19)
1732 2643 2032 2708 lectiones
2092 2644 2457 2724 repperisse,
2522 2659 2677 2723 quae

413 2744 482 2808 in
542 2747 672 2810 cod.
734 2748 797 2817 B
860 2749 1139 2815 deerant.
1215 2747 1400 2811 Hunc
1464 2746 1631 2811 enim
1694 2749 1968 2812 codicem
2030 2746 2224 2812 fontis
2286 2745 2677 2828 antiquioriS,

414 2851 789 2931 quicumque
850 2850 1006 2929 fuit,
1076 2870 1197 2915 non
1255 2851 1541 2915 accurate
1602 2850 2096 2932 repraesentasse
2158 2849 2492 2931 imaginem
2555 2850 2681 2912 iam

414 2952 569 3016 inde
612 2954 1023 3037 perspicitur,
1070 2954 1236 3036 quod
1281 2954 1346 3017 in
1392 2954 1523 3035 ipso
1572 2952 1779 3017 codice
1825 2953 1887 3023 Β
1935 2953 1998 3016 et
2040 2955 2247 3016 totum
2292 2950 2682 3017 acrostichon

414 3055 447 3118 I
480 3056 576 3137 18,
599 3059 881 3138 utsupra
905 3058 987 3139 (p.
1002 3055 1223 3139 VII'II)
1252 3055 1838 3135 demonstrauimuS,
1865 3056 1930 3118 et
1956 3053 2417 3137 capitulationis
2442 3071 2581 3136 pars
2600 3050 2676 3132 ⁹⁰)

414 3158 640 3224 omissa
673 3161 867 3226 erant.
930 3160 1102 3241 Quae
1134 3179 1230 3224 res
1262 3159 1315 3223 si
1347 3158 1439 3222 ita
1471 3178 1535 3223 se
1573 3159 1812 3237 habuit,
1860 3176 1982 3222 non
2012 3160 2136 3222 iam
2169 3157 2261 3221 est
2294 3155 2456 3238 quod
2489 3154 2678 3219 mire·
2739 3153 2744 3160 ’

416 3281 559 3325 mur
603 3264 736 3325 tam
784 3263 1016 3326 multas
1062 3261 1380 3344 lectiones,
1428 3279 1584 3343 quae
1626 3264 1850 3326 desunt
1896 3260 1964 3323 in
2007 3260 2180 3324 codd.
2212 3259 2368 3338 BA,
2416 3257 2673 3323 editioni

416 3365 685 3446 principi
743 3385 885 3428 cum
948 3366 1156 3430 codice
1205 3363 1753 3429 Cheltenhamensi
1801 3380 2159 3426 communes
2205 3381 2334 3426 esse
2362 3358 2470 3445 21).
2547 3361 2680 3424 Has

505 3516 565 3583 ¹⁹>
603 3517 669 3571 In
705 3518 1011 3587 apographo
1050 3516 1318 3571 Sirmondi
1356 3517 1566 3584 praeter
1598 3516 1830 3584 primam
1875 3514 2041 3568 etiam
2087 3515 2312 3568 alteram
2348 3529 2564 3570 manum
2603 3514 2684 3564 in-

417 3601 629 3655 terdum
674 3603 839 3656 fuisse
892 3603 1231 3672 conspicuam
1277 3602 1401 3656 inde
1447 3605 1694 3671 apparet,
1749 3599 1890 3668 quod
1937 3600 2212 3669 Rigaltius
2258 3600 2316 3652 in
2363 3615 2578 3652 uersum
2619 3599 2682 3650 15

417 3687 698 3742 acrostichi
735 3690 802 3743 53
853 3689 930 3758 (ΙΙ
968 3691 1050 3759 12)
1098 3690 1227 3743 haec
1273 3688 1520 3742 adnotat:
1582 3680 1662 3740 ‘ln
1717 3686 2102 3754 apographo
2156 3687 2417 3754 scriptum
2477 3685 2684 3737 fuerat:

417 3773 508 3827 Tu
552 3775 652 3828 tibi
694 3780 980 3843 praeterea
1027 3777 1091 3829 in
1136 3775 1348 3830 delictis
1375 3789 1605 3842 parcere
1640 3773 1772 3826 noli.
1844 3772 1992 3838 Quae
2028 3772 2293 3840 scriptura
2326 3770 2455 3823 ferri
2492 3772 2547 3822 et
2583 3785 2667 3823 ex-

417 3863 607 3932 plicari
642 3865 842 3931 posset,
900 3863 1036 3916 nisi
1084 3879 1200 3917 nos
1244 3861 1639 3914 admoneret
1676 3861 1759 3924 is,
1815 3858 1930 3925 qui
1964 3858 2434 3927 {apographum
2470 3871 2686 3918 recen,

418 3950 587 4016 suit,
642 3953 954 4002 ueterem
1007 3964 1268 4001 manum
1323 3947 1538 3999 fuisse
1590 3946 1667 3998 in
1715 3943 2014 3997 Belianff
2052 3974 2114 3983 -
2152 3943 2267 3996 Hoc
2319 3944 2495 4010 igitur
2548 3944 2688 3995 certe

418 4041 530 4093 loco
566 4038 739 4108 prima.
773 4052 937 4090 manu
982 4037 1044 4089 in
1090 4035 1328 4098 delictis,
1385 4033 1556 4087 altera
1602 4033 1667 4085 in
1704 4031 1912 4085 Belian
1961 4031 2219 4099 scriptum
2257 4029 2394 4096 fuit3
2450 4032 2508 4083 at
2544 4030 2600 4082 in
2637 4030 2688 4085 B

1509 4120 1558 4158 in
1587 4115 1740 4158 delian

418 4179 653 4244 itemque
699 4176 757 4228 in
793 4176 853 4231 A
896 4173 1026 4228 haec
1073 4172 1454 4226 inueniuntur:
1504 4169 1569 4222 in
1603 4168 1768 4223 dictis
1813 4184 1978 4236 eaque
2027 4166 2208 4222 omnia
2253 4183 2358 4220 una
2404 4167 2690 4234 eademque
2779 4195 2782 4198 Δ

428 4279 589 4317 manu
626 4264 856 4315 exarata.

504 4348 565 4416 ²⁰)
603 4346 1097 4417 Sitzungsberichte
1134 4344 1286 4399 CVII
1322 4355 1371 4412 p.
1413 4344 1528 4400 719.

513 4435 573 4502 ²¹)
613 4434 755 4489 Ibid.
791 4450 842 4502 p.
881 4433 981 4486 738
1018 4447 1096 4499 sq.
