3290 5187
608 427 721 472 XVI

608 594 856 660 Nicolai
888 593 1149 678 Rigaltii
1196 596 1465 658 mortem
1511 594 1628 659 Ph.
1663 593 2024 659 Priorius
2072 595 2272 660 denuo
2317 595 2408 659 ita
2454 597 2624 679 typis
2670 597 2871 680 inpri-

613 699 841 764 menda
888 699 1151 773 curauit,
1200 699 1273 762 ut
1316 697 1582 761 aliorum
1630 715 1870 779 quoque
1902 696 2273 780 scriptorum
2306 699 2866 765 ecclesiasticorum

604 802 794 868 libros
856 802 1148 883 adderet,
1216 819 1478 882 quorum
1525 799 1826 865 ultimum
1872 802 2075 866 locum
2123 798 2554 870 Commodiani
2597 802 2886 868 instruc-.

604 904 808 969 tiones
856 903 1141 969 obtinent
1189 904 1279 969 sic
1323 902 1694 985 inscriptaet

680 1041 1140 1108 ‘Commodiani
1177 1042 1624 1108 instructiones
1660 1042 1956 1107 aduersus
2004 1043 2291 1124 gentium
2323 1044 2483 1111 deos,
2549 1045 2669 1110 Pro
2704 1045 2871 1110 chri-

604 1146 814 1210 stiana
845 1145 1189 1229 disciplina.
1236 1146 1538 1227 Tempore
1573 1144 1863 1209 Siluestri
1893 1144 1963 1210 P.
1997 1145 2072 1210 R.
2106 1145 2220 1209 sub
2257 1145 2658 1213 Constantino
2693 1147 2865 1213 Caes,

604 1250 1002 1341 compositae.
1095 1250 1284 1314 Nunc
1341 1251 1617 1332 primum
1680 1249 1847 1338 typis
1909 1251 2267 1328 mandatae,
2337 1249 2498 1315 Cura
2550 1254 2612 1315 et
2657 1251 2865 1316 studio

604 1353 852 1418 Nicolai
897 1352 1159 1436 Rigaltii
1206 1370 1348 1416 cum
1395 1352 1669 1416 eiusdem
1716 1348 1936 1417 Notis5
2014 1399 2018 1403 -

689 1491 863 1556 Haec
907 1492 962 1556 si
1010 1492 1147 1573 quis
1190 1509 1414 1573 parum
1460 1493 1641 1556 caute
1688 1490 1948 1575 legerit,
2021 1509 2141 1555 non
2199 1494 2400 1572 potest
2453 1509 2575 1557 non
2625 1491 2867 1575 opinari

604 1596 738 1660 illic
784 1596 893 1659 aut
935 1596 1136 1678 ipsam
1184 1595 1517 1659 editionem
1562 1593 1908 1676 principem
1940 1593 2207 1676 Rigaltii
2253 1597 2361 1660 aut
2399 1597 2566 1660 certe
2614 1595 2864 1661 similli-

605 1718 778 1763 mum
825 1701 956 1763 eius
1002 1698 1320 1779 exemplar
1353 1696 1547 1762 oculis
1579 1697 1712 1761 suis
1745 1696 1980 1779 offerri3
2028 1715 2293 1778 quorum
2322 1702 2616 1763 neutrum
2648 1718 2867 1764 uerum

607 1807 717 1866 est.
788 1802 952 1867 Nam
982 1801 1296 1884 Rigaltius
1329 1804 1466 1865 tum
1512 1801 1638 1864 iam
1674 1800 2002 1865 duodecim
2052 1802 2235 1865 annis
2283 1804 2428 1866 ante
2472 1801 2610 1867 uita
2654 1803 2863 1867 deces-

607 1906 773 1970 serat
817 1906 881 1969 et
924 1903 1153 1968 Priorii
1200 1903 1392 1967 editio
1439 1921 1559 1967 non
1604 1902 1907 1985 primam,
1977 1903 2083 1967 sed
2132 1903 2392 1968 alteram
2440 1904 2864 1986 Rigaltianam

605 2010 696 2072 ita
739 2007 1180 2090 repraesentat,
1229 2009 1320 2085 ut,
1367 2006 1473 2071 ubi
1520 2007 1597 2071 ab
1643 2005 1756 2070 illa
1800 2005 2091 2088 diuergit‚
2138 2006 2506 2087 plerumque
2550 2007 2699 2070 noui
2732 2007 2865 2071 edi-

606 2111 760 2176 toris
827 2110 1063 2174 incuria
1127 2128 1378 2174 causam
1447 2110 1774 2174 sustineat.
1866 2108 1959 2174 cf.
2021 2107 2596 2193 Sitzungsberichte
2663 2107 2865 2174 XCVI

691 2336 773 2400 Et
819 2337 1028 2399 tamen
1074 2336 1220 2400 huic
1265 2335 1488 2399 tertiae
1532 2336 1930 2418 potissimum
1978 2333 2233 2399 editioni
2277 2333 2552 2399 ludibrio
2594 2337 2862 2416 quodam

605 2438 891 2503 fortunae
947 2437 1239 2521 contigit,
1309 2442 1382 2502 ut
1433 2439 1716 2503 subolem
1762 2439 1914 2503 satis
1964 2437 2239 2520 amplam
2282 2442 2675 2521 propagaret.
2764 2437 2860 2502 Ac
2920 2472 2927 2480 ·

604 2540 807 2623 prima
852 2541 1107 2624 quidem
1153 2541 1326 2607 illinc
1370 2542 1692 2607 deriuatur
1753 2542 1942 2607 editio
2003 2541 2512 2617 instructionum,
2590 2559 2744 2624 quae
2793 2541 2861 2606 in

603 2645 923 2710 uolumine
968 2647 1214 2710 XXVII
1257 2645 1636 2710 Maximae
1682 2644 2232 2711 bibliothecae
2279 2647 2531 2728 patrum
2561 2645 2859 2729 Lugduni

604 2768 763 2815 anno
821 2750 985 2815 1672
1045 2749 1208 2833 typis
1260 2750 1541 2833 inpressa
1593 2752 1722 2833 est3
1790 2749 2010 2814 deinde
2047 2746 2861 2829 Schurzfleischiana,

604 2852 1083 2935 Dauisiana,
1162 2852 1732 2934 Gallandiana,
1810 2853 1884 2916 de
1958 2852 2185 2933 quibus
2258 2851 2718 2933 disputauimus
2793 2852 2860 2916 in

604 2954 1177 3038 Sitzungsberichte
1235 2952 1438 3021 XCVI
1494 2975 1552 3038 p.
1599 2955 1728 3019 463
1775 2974 1864 3038 sq.
1956 2956 2231 3019 Eandem
2288 2954 2458 3019 uiam
2515 2957 2863 3036 sequuntur

605 3058 905 3123 editiones
974 3059 1487 3124 Pisaurensis
1561 3059 1648 3135 (in
1709 3059 2096 3122 collectionis
2153 3057 2543 3123 Pisaurensis
2588 3060 2741 3123 tom.
2802 3056 2859 3121 V

604 3177 764 3225 anno
815 3161 979 3225 1766
1027 3161 1149 3243 ed.)
1201 3165 1264 3226 et
1307 3162 1774 3243 Augustana
1826 3161 1917 3243 (in
1963 3161 2033 3225 P.
2067 3161 2378 3225 Dominici
2409 3161 2665 3226 Schram
2709 3179 2857 3225 ana-

603 3263 758 3347 lysis
804 3280 1057 3345 operum
1103 3283 1150 3329 s.
1189 3284 1238 3328 s.
1287 3267 1535 3346 patrum
1567 3265 1719 3329 tom.
1756 3262 1845 3328 VI
1877 3282 2037 3329 anno
2073 3264 2239 3329 1784
2270 3266 2418 3348 edg).
2485 3264 2624 3330 Non
2655 3263 2857 3347 magis

607 3366 793 3431 editio
837 3367 1245 3449 Migneana
1289 3368 1567 3452 (Migne‚
1614 3367 1844 3453 patrol.
1892 3386 2009 3432 ser.
2055 3369 2164 3432 lat.
2197 3367 2467 3452 tomnv)
2500 3387 2657 3433 anno
2693 3368 2861 3432 1844

602 3469 863 3535 Parisiis
895 3470 1157 3554 uulgata
1186 3471 1598 3553 antiquiorem
1629 3471 1878 3536 fontem,
1899 3473 2357 3556 repraesentat3
2390 3491 2537 3536 nam
2568 3470 2860 3554 religiose

604 3573 851 3638 Dauisii
897 3575 961 3638 et
1006 3575 1326 3642 Gallandii
1380 3591 1618 3638 errores
1686 3577 1896 3638 seruat
1959 3574 2145 3655 atque
2190 3574 2436 3657 repetit,
2504 3574 2611 3655 qui
2666 3574 2860 3656 ipsius

603 3676 864 3760 Rigaltii
908 3676 1286 3742 editionibus
1330 3676 1630 3760 inspectis
1677 3676 1858 3743 facile
1905 3680 2243 3760 potuerunt
2289 3678 2625 3744 emendari.

688 3817 885 3882 Paulo
930 3816 1251 3881 meliorem
1297 3817 1392 3880 est
1434 3816 1757 3899 ingressus
1803 3816 1970 3879 uiam
2018 3814 2492 3881 Franciscus
2540 3815 2854 3892 Oehler‚

603 3920 710 3999 qui
771 3918 1198 3985 Commodiani
1263 3919 1703 3985 instructiones
1764 3921 1829 3983 in
1885 3918 2302 3983 bibliothecae
2360 3919 2609 4003 patrum
2657 3918 2855 3983 eccle-

603 4020 1000 4087 siasticorum
1056 4023 1518 4089 Gersdorfianae
1574 4022 1897 4087 uolumine
1942 4021 2100 4085 XIII
2161 4040 2321 4086 anno
2372 4021 2533 4086 1847
2592 4021 2856 4085 edendas

602 4126 863 4190 curauit.
939 4127 1001 4191 Is
1045 4128 1112 4190 in
1161 4125 1608 4192 commentario
1655 4146 1728 4190 ex
1785 4125 2065 4207 priorum
2128 4125 2467 4189 editionum
2526 4124 2855 4207 farragine,

603 4246 760 4310 quae
803 4229 985 4293 utilia
1031 4229 1433 4310 uidebantur,
1503 4230 1657 4294 satis
1710 4229 2044 4312 prudenter
2090 4228 2389 4311 excerptis
2437 4227 2742 4292 nonnulla
2786 4246 2857 4290 ex

603 4352 716 4397 sua
773 4331 1053 4398 doctrina
1114 4334 1372 4400 addidit.
1451 4335 1625 4398 Idem
1686 4333 2085 4398 Berolinense
2143 4331 2485 4397 editionum
2544 4329 2856 4414 Rigaltia-
