3290 5187
1069 1036 1983 1156 PRAEFATIO.

740 1523 851 1592 De
899 1521 1428 1592 Commodiano
1476 1522 1789 1609 eiusque
1836 1521 2318 1593 carminibus.

490 1641 986 1742 Commodianus
1032 1677 1140 1741 ubi
1188 1678 1371 1741 natus
1417 1678 1503 1741 sit
1556 1679 1658 1742 uel
1717 1679 1918 1742 uitam
1956 1678 2197 1761 degerit
2241 1680 2305 1741 et
2349 1695 2470 1759 qua
2515 1695 2659 1741 usus

399 1781 491 1846 sit
521 1782 791 1862 fortuna,
823 1800 1044 1867 parum
1076 1783 1340 1847 constat.
1410 1782 1504 1847 De
1535 1784 1740 1848 aetate
1772 1785 1902 1848 eius
1933 1782 2129 1847 maior
2160 1785 2255 1847 est
2286 1800 2654 1866 consensu83

402 1902 550 1948 nam
595 1885 746 1968 quin
791 1885 998 1950 media
1057 1885 1185 1950 fere
1240 1885 1418 1968 parte
1476 1885 1654 1950 tertii
1698 1888 1837 1968 post
1881 1884 2202 1949 Christum
2246 1884 2475 1949 saeculi
2520 1901 2658 1948 car-

402 1987 577 2053 mina
622 2007 737 2053 sua
782 1993 1192 2070 conposuerit‚
1239 2007 1359 2054 non
1407 1989 1533 2054 iam
1582 1988 1845 2053 dubium
1889 1989 2138 2053 uidetur
2184 2006 2315 2053 esse
2346 1985 2414 2072 ¹).
2490 1988 2659 2066 Quae

371 2095 613 2181 *autem
659 2092 934 2173 scripsit,
1006 2110 1076 2156 ea
1122 2090 1495 2156 Christianis
1540 2091 1794 2156 illorum
1842 2095 2226 2173 temporum,
2296 2092 2350 2156 si
2394 2091 2543 2154 licet
2589 2109 2660 2154 ex

399 2193 654 2258 silentio
723 2194 921 2259 facere
991 2194 1439 2272 coniecturam,
1511 2194 1673 2259 haud
1737 2195 2012 2259 multum
2057 2194 2338 2260 arrisisse
2385 2196 2657 2275 apparet.

403 2297 618 2378 Neque
662 2297 725 2362 id
771 2299 1032 2380 mirum3
1077 2299 1228 2361 tunc
1272 2297 1439 2361 enim
1487 2296 1587 2361 illi
1630 2298 1762 2361 iam
1806 2302 2129 2363 assuerant
2173 2298 2419 2380 praeter
2450 2315 2660 2361 rerum

402 2401 733 2465 ueritatem
780 2401 1082 2465 sermonis
1114 2419 1355 2482 quoque
1387 2401 1773 2483 elegantiam
1806 2403 2107 2484 spectare,
2155 2418 2342 2484 quam
2374 2400 2440 2464 in
2471 2398 2657 2466 Com·

404 2502 717 2568 modiano.
752 2522 873 2568 non
933 2504 1221 2586 poterant
1282 2521 1406 2567 non
1466 2503 1835 2568 desiderare.
1925 2505 2315 2582 Accedebat,
2386 2505 2546 2585 quod
2589 2503 2658 2567 in

401 2605 580 2673 libris
611 2607 743 2672 eius
775 2608 1078 2689 quaedam
1109 2607 1530 2686 inueniebant‚
1575 2625 1734 2689 quae
1767 2626 1805 2672 a
1834 2609 2053 2690 regula
2081 2607 2228 2673 fidei
2260 2605 2651 2673 Christianae

403 2709 824 2775 abhorrerent.
915 2709 1145 2790 Quinto
1193 2711 1446 2776 demum
1505 2711 1752 2776 saeculo
1798 2729 1988 2794 eoque
2035 2711 2292 2776 exeunte
2336 2711 2436 2775 bis
2482 2729 2658 2774 men-

401 2812 638 2878 tionem
694 2814 869 2878 illius
927 2814 1060 2878 fieri
1117 2814 1507 2896 conperimus
1566 2832 1604 2878 a
1650 2813 1898 2879 Gelasio
1944 2833 2102 2896 papa
2145 2817 2208 2878 et
2252 2832 2289 2878 a
2335 2812 2658 2881 Gennadio

402 2917 720 2999 scriptore.
778 2916 897 2982 Illo
942 2922 1192 2983 auctore
1237 2918 1306 2981 in
1358 2918 1602 2983 ‘notitia
1632 2919 1940 2983 librorum
1970 2936 2094 2983 non
2125 2915 2658 2999 recipiendorum',

401 3020 477 3084 de
521 3021 745 3102 quibus
779 3021 980 3103 capite
1011 3021 1070 3085 V
1101 3021 1428 3086 relationis
1461 3021 1536 3085 de
1569 3020 1847 3086 conciliis
1881 3039 1918 3086 a
1948 3019 2195 3086 Gelasio
2226 3037 2386 3103 papa
2421 3019 2658 3085 habitis

403 3123 644 3206 agitur,
712 3122 1140 3190 Commodiani
1209 3124 1506 3207 opuscula
1573 3124 2034 3208 apocrypha
2096 3125 2401 3189 uocantur
2470 3124 2657 3204 atque

402 3225 832 3307 inprobantur.
904 3225 1028 3308 (Cf.
1087 3226 1324 3309 Migne,
1383 3227 1608 3308 pat-rol.
1651 3246 1773 3292 ser.
1824 3227 1937 3291 lat.
1986 3231 2138 3291 tom.
2185 3226 2332 3289 LIX
2373 3244 2435 3307 p.
2485 3223 2659 3308 163.)

489 3326 845 3393 Gennadius
893 3332 1105 3394 autem
1153 3331 1352 3412 capite
1384 3329 1501 3394 XV
1534 3329 1803 3412 catalogi
1848 3329 2126 3394 uirorum
2172 3328 2538 3393 inlustrium
2585 3326 2660 3391 de

405 3430 849 3497 Commodiano
896 3432 1048 3497 haec
1090 3432 1274 3497 dicit:
1341 3430 1852 3499 ‘Commodianus
1900 3434 2049 3498 dum
2104 3433 2271 3497 inter
2315 3431 2659 3496 saeculares

403 3535 646 3599 litteras
692 3534 885 3600 etiam
930 3536 1175 3601 nostras
1220 3536 1410 3619 legit,
1473 3537 1856 3601 occasionem
1905 3536 2148 3619 accepit
2190 3535 2352 3600 fidei.
2429 3536 2659 3600 Factus

318 3685 321 3688 1
407 3636 617 3719 itaque
647 3635 1038 3703 Christianus
1073 3639 1135 3703 et
1166 3640 1377 3704 uolens
1410 3638 1648 3721 aliquid
1695 3639 2040 3704 studiorum
2087 3658 2338 3705 suorum
2385 3640 2658 3702 muneris

493 3842 530 3911 ¹)
564 3842 646 3896 Cf.
681 3842 899 3895 Hem-ici
934 3842 1175 3897 Dodwell
1221 3843 1534 3899 dissertatio
1581 3844 1923 3899 miscellanea
1958 3844 2018 3899 Π
2064 3844 2122 3897 in
2158 3841 2446 3912 appendice
2482 3842 2658 3895 annal.

405 3926 665 3980 Velleian.
702 3927 784 3981 ed.
831 3927 992 3981 Oxon.
1038 3945 1161 3983 ann.
1201 3929 1362 3996 16983
1425 3929 1683 3984 Guilelmi
1722 3930 1859 3985 Cave
1903 3930 2095 3983 histor.
2143 3929 2310 3982 litter.
2356 3944 2475 3981 ann.
2524 3927 2656 3981 1705

405 4028 456 4078 p.
491 4014 559 4067 88
595 4029 742 4081 sqq.;
795 4014 976 4067 Pitrae
1011 4015 1305 4083 prolegom.
1341 4016 1398 4069 in
1433 4016 1675 4086 spicileg.
1715 4016 1934 4071 Solesm.
1971 4017 2080 4069 uol.
2117 4015 2144 4068 I
2181 4032 2231 4084 p.
2267 4013 2425 4076 XXI;
2478 4012 2658 4067 Adolfi

404 4097 570 4152 Ebert
588 4102 928 4154 commentat.
953 4100 1016 4153 de
1034 4101 1404 4155 Commodiani
1427 4118 1587 4156 carm.
1608 4103 1818 4172 apolog.
1846 4102 2295 4172 (Abhandlungen
2315 4102 2407 4155 der
2435 4100 2657 4172 philol.-

406 4183 537 4239 hist.
574 4185 753 4240 Classe
799 4187 892 4241 der
929 4188 1132 4242 saechS.
1169 4187 1459 4243 Gesellsch.
1497 4189 1549 4243 d.
1589 4188 1913 4243 Wissensch.
1951 4188 2021 4255 V)
2059 4205 2111 4257 p.
2145 4188 2276 4256 4083
2318 4188 2578 4242 zeitschr.
2614 4185 2658 4238 f.

405 4270 709 4325 wissensch.
757 4272 939 4327 Theol.
977 4273 1139 4328 XXII
1186 4290 1239 4343 p.
1275 4275 1379 4329 384
1414 4291 1528 4344 sqq.
1575 4275 1679 4329 388
1698 4295 1711 4338 3
1775 4274 1921 4330 Guil.
1966 4274 2148 4345 Meyer
2199 4275 2256 4329 in
2311 4274 2657 4329 commentat.

408 4357 567 4411 Acad.
604 4374 716 4427 reg.
751 4359 955 4415 Monac.
989 4359 1152 4415 XVII
1187 4377 1237 4430 p.
1275 4361 1377 4415 288
1412 4376 1487 4429 sq.

512 4459 627 4515 XV.
2422 4479 2453 4517 a
