3290 5187
1339 989 1626 1088 Index
1689 988 2162 1109 siglorum.

621 1221 710 1272 M
743 1238 804 1264 ==
843 1214 961 1270 cod.
997 1214 1487 1277 Mediomontnnus,
1524 1228 1666 1267 nunc
1703 1211 2221 1277 Cheltenhnmensis,
2256 1210 2572 1277 membran„
2619 1229 2673 1267 n.
2714 1214 2883 1269 12261

833 1304 988 1367 (saec.
1026 1300 1209 1368 VIII).

626 1407 699 1460 Ρι
737 1428 802 1451 =
839 1404 997 1458 Pitra.
1041 1404 1099 1456 in
1143 1404 1297 1457 textu
1344 1402 1613 1468 carminis,
1668 1418 1826 1471 quem
1869 1403 1929 1456 in
1979 1399 2261 1472 spicilegii
2304 1401 2657 1457 Solesmensis
2702 1403 2811 1457 uol.
2856 1402 2888 1456 1

835 1506 888 1559 p.
923 1489 1129 1543 21-49
1164 1504 1307 1542 anno
1346 1488 1481 1543 1852
1517 1488 1836 1557 publicauit.

631 1594 713 1647 P²
748 1614 818 1640 =
852 1591 1012 1646 Pitra.
1033 1592 1089 1645 in
1115 1591 1262 1645 notis
1287 1589 1413 1644 huic
1437 1591 1612 1644 textui
1638 1593 1748 1646 imo
1772 1590 2019 1660 margine
2042 1589 2266 1660 additis,
2293 1589 2487 1660 quibus
2512 1589 2678 1645 etiam
2702 1590 2890 1645 uariae

840 1676 1097 1732 lectiones
1133 1675 1331 1731 codicis
1366 1676 1756 1731 exscribuntur.

630 1783 707 1837 P³
740 1804 809 1829 =
843 1780 1031 1835 Pitrae
1065 1796 1312 1835 excursus
1351 1779 1412 1833 in
1448 1780 1887 1835 Commodianum
1925 1780 2056 1847 (uol.
2094 1780 2123 1834 I
2158 1795 2212 1848 p.
2246 1779 2561 1848 537-543).

629 1885 703 1939 P*
737 1906 807 1932 =
841 1884 1099 1939 carminis
1133 1883 1454 1953 apologetici
1491 1887 1656 1953 caput
1690 1884 1946 1938 ultimum
1982 1899 2044 1937 ex
2079 1884 2278 1938 iterata
2313 1884 2607 1939 collatione
2641 1884 2885 1938 Thomas

836 1969 1115 2038 Phillipps
1163 1970 1320 2023 nouis
1358 1971 1500 2023 curis
1546 1986 1579 2024 a
1613 1969 1774 2024 Pitra
1807 1970 2124 2024 restitutum
2166 1969 2371 2039 (Spicil.
2407 1969 2629 2024 Solesm.
2665 1971 2771 2024 uol.
2805 1970 2889 2026 IV

833 2071 885 2124 p.
919 2054 1237 2124 222-224).

633 2161 709 2216 1²⁶
743 2182 814 2207 =
847 2162 1008 2214 notae
1043 2159 1171 2214 huic
1206 2160 1380 2214 textui
1415 2160 1524 2214 imo
1558 2160 1803 2229 margine
1840 2158 2172 2214 subiunctas.

630 2263 719 2317 Lb
755 2283 825 2309 =
860 2259 1150 2316 Leimbach
1167 2262 1227 2315 in
1248 2264 1641 2331 programmate
1668 2262 1908 2332 paschali
1927 2262 2376 2317 Schmslcaldensi
2402 2279 2540 2317 anno
2568 2264 2700 2318 1871
2727 2263 2889 2318 edito.

635 2367 683 2418 R
723 2386 792 2411 =
830 2363 1176 2418 Hermannus
1211 2363 1453 2418 Roensch
1489 2364 1548 2418 in
1585 2364 1819 2418 editione
1853 2380 1951 2420 sua
1997 2364 2279 2432 (zeitschr.
2316 2365 2357 2418 f.
2391 2366 2442 2419 d.
2481 2366 2673 2420 histor.
2709 2366 2885 2421 Theo-

839 2449 1005 2519 logie,
1039 2448 1229 2518 Jahrg.
1269 2449 1404 2503 1872
1441 2465 1492 2518 p.
1534 2449 1844 2516 163-302).

633 2555 719 2610 La
755 2575 821 2602 =
857 2552 1121 2608 Ernestus
1154 2552 1383 2622 Ludwig
1415 2552 1474 2607 in
1510 2552 1591 2608 ed.
1632 2551 2004 2608 Teubneriana
2040 2554 2172 2608 anni
2209 2553 2363 2609 1877.

633 2660 667 2697 υ
702 2664 766 2688 =
804 2641 861 2698 R
895 2642 952 2694 et
986 2639 1094 2694 La.

646 2746 805 2801 Wah,
830 2745 1042 2815 Meyer,
1078 2744 1220 2800 Abla.
1266 2766 1335 2792 =
1382 2745 1766 2799 commentatio
1816 2745 2073 2800 Guilelmi
2118 2745 2314 2815 Meyer,
2363 2759 2500 2813 quse
2548 2743 2894 2798 inscribitur:

846 2825 1086 2898 ‘Anfang
1122 2829 1233 2883 und
1270 2829 1559 2900 Ursprung
1593 2830 1688 2884 der
1722 2831 1819 2885 lat.
1856 2847 1909 2884 u.
1943 2830 2148 2900 griech.
2183 2828 2553 2899 rythmischen
2586 2828 2893 2900 Dichtung‘

846 2914 1139 2982 (Abhandl.
1194 2914 1289 2969 der
1341 2916 1395 2968 k.
1444 2915 1618 2984 bayer.
1669 2915 1962 2969 Akademie
2015 2917 2066 2971 d.
2106 2915 2206 2983 W.,
2258 2915 2306 2971 Ι.
2341 2915 2441 2982 cl„
2494 2914 2674 2981 XVII,
2720 2914 2897 2982 1885).

846 3001 1100 3054 Eiusdem
1139 3001 1248 3054 uiri
1286 3001 1582 3055 doctissimi
1618 3000 1939 3070 ubicumque
1973 3016 2165 3056 nomen
2200 3003 2415 3055 tantum
2440 3000 2766 3056 lectionibus
2800 3001 2895 3055 ad-

836 3086 1004 3150 iunxi,
1043 3102 1105 3140 ea
1138 3086 1315 3150 affero,
1364 3101 1498 3155 quse
1534 3100 1625 3153 per
1660 3085 1875 3139 litteras
1907 3101 2112 3139 mecum
2138 3085 2435 3142 liberaliter
2457 3087 2896 3142 communicault.

633 3204 681 3241 ε.
717 3206 772 3242 u.
810 3189 847 3243 l.
884 3210 950 3236 --·
987 3189 1101 3242 sine
1137 3188 1292 3242 uaria
1327 3187 1571 3241 lectione.
