3290 5187
596 438 739 483 XX·

581 621 772 669 nouas
818 605 881 668 et
925 605 1201 686 egregias
1248 602 1490 668 notauit
1534 600 1851 677 lectioneS‚
1887 618 2004 664 eae
2050 597 2282 662 nemini
2328 613 2449 662 non
2494 597 2834 678 potuerunt

583 708 940 790 cupidinem
982 706 1213 771 inicere
1260 709 1465 771 cetera
1496 723 1749 787 quoque
1795 701 2219 786 cognoscendi.

669 810 891 890 Itaque
935 826 1094 874 anno
1139 808 1485 890 insequenti
1527 807 1667 872 Pio
1714 805 2039 887 Knoell,
2089 823 2229 869 cum
2264 803 2331 867 in
2362 802 2661 887 Angliam
2691 821 2831 885 pro-

583 912 990 994 ficisceretur,
1048 914 1414 977 mandatum
1457 915 1578 990 est,
1638 911 1710 974 ut
1753 908 2116 973 inchoatum
2163 925 2200 972 a
2244 907 2637 989 Sedlmayero
2682 924 2833 988 opus

585 1017 957 1091 absolueret,
1005 1017 1111 1097 qui
1142 1034 1275 1079 rem
1306 1016 1487 1080 tanta
1519 1018 1580 1079 et
1609 1011 1945 1096 diligentia
1975 1013 2037 1076 et
2070 1031 2281 1076 rerum
2312 1010 2539 1095 peritia
2569 1011 2826 1093 peregit,

584 1120 680 1195 ut,
727 1119 779 1182 si
811 1117 957 1201 quid
1005 1118 1072 1182 in
1116 1118 1328 1182 nostra
1373 1118 1645 1182 editione
1690 1115 1871 1181 laude
1917 1115 2177 1198 dignum
2221 1114 2553 1190 uidebitur,
2599 1131 2827 1197 magna

587 1242 656 1287 ex
700 1223 875 1304 parte
921 1220 1019 1287 illi
1063 1225 1385 1303 acceptum
1431 1220 1791 1285 referamus.

672 1323 745 1387 In
775 1322 1101 1388 collatione
1148 1322 1267 1387 Pii
1297 1322 1575 1387 Knoell
1619 1339 1741 1386 non
1787 1321 1995 1386 inueni
2043 1320 2518 1404 capitulationes
2564 1320 2835 1384 instruc-

587 1427 828 1491 tionum
852 1424 957 1507 ⁹⁹).
1006 1426 1136 1490 Has
1167 1432 1382 1508 postea
1412 1426 1802 1490 Henricus
1834 1424 2127 1503 Beckh‚
2175 1423 2413 1488 amicus
2445 1442 2636 1501 mene,
2684 1425 2834 1488 dum

589 1529 940 1594 studiorum
987 1547 1170 1594 causa
1214 1531 1276 1594 in
1321 1529 1550 1612 Anglia
1595 1529 1901 1606 uersatur,
1950 1531 2170 1611 rogatu
2216 1546 2354 1592 meo
2400 1546 2470 1591 ex
2516 1526 2724 1592 codice
2774 1524 2831 1596 G

587 1633 854 1714 benigne
901 1633 1242 1716 descripsit.

663 1821 771 1890 De
819 1804 1251 1891 nouissimis
1299 1819 2052 1891 commentationibus
2097 1818 2195 1889 ad
2241 1817 2750 1890 Commodiani

1244 1923 1575 1995 carmina
1619 1923 2201 2010 pcrtinentibus.

680 2058 876 2125 Nouis
932 2059 1307 2126 lectionibus
1366 2060 1890 2126 Mediomontanis
1949 2063 2184 2143 primus
2242 2077 2388 2125 usus
2435 2059 2528 2124 est
2570 2058 2834 2124 Fride-

599 2163 809 2228 ricus
840 2162 1226 2244 Hanssen‚
1275 2163 1382 2245 qui
1410 2165 1473 2228 in
1506 2164 2024 2228 commentatione
2057 2163 2324 2246 egregia,
2371 2181 2559 2244 quam
2591 2163 2664 2226 de
2697 2165 2830 2226 arte

599 2266 856 2330 metrica
879 2264 1309 2330 Commodiani
1341 2266 1538 2330 edidit
1560 2266 1985 2350 (Argentorati
2017 2266 2180 2348 apud
2206 2263 2496 2331 Carolum
2518 2265 2581 2331 J.
2607 2265 2834 2328 Trueb-

599 2388 726 2434 ner.
787 2366 1372 2448 MDCCCLXXXI),
1433 2369 1761 2451 postquam
1806 2368 2150 2434 collationis
2198 2387 2392 2433 nouae
2439 2369 2497 2432 ei
2542 2386 2613 2431 ex
2656 2366 2831 2449 parte

596 2471 770 2552 copia
814 2470 982 2534 facta
1027 2473 1141 2550 est,
1187 2471 1531 2552 permultos
1576 2470 1743 2535 locos
1787 2472 2056 2536 sanauit.
2149 2471 2317 2535 Idem
2361 2470 2477 2533 illa
2521 2486 2836 2533 commen-

595 2575 832 2639 tatione
880 2573 1212 2639 ostendens
1259 2572 1686 2639 Commodiani
1730 2593 1976 2653 uersuS‚
2047 2575 2153 2658 qui
2206 2578 2269 2640 et
2324 2573 2464 2638 aliis
2509 2571 2730 2638 multis
2776 2573 2838 2638 et

595 2676 754 2742 mihi
799 2677 916 2758 ipsi
963 2696 1148 2759 prope
1193 2677 1365 2741 nullo
1424 2682 1589 2743 certo
1649 2677 1862 2741 ordine
1918 2677 2107 2743 fluere
2165 2677 2559 2751 uidebantur,
2627 2681 2837 2741 tamen

595 2780 840 2863 legibus
886 2779 1259 2860 quibusdam
1316 2782 1512 2845 teneri
1573 2782 1794 2845 ceteris
1839 2799 2079 2863 quoque
2133 2780 2521 2863 probabilem
2578 2779 2839 2843 rationis

596 2884 886 2947 metricae
916 2900 1197 2948 normam
1235 2884 1575 2967 proposuit,
1622 2883 1702 2948 ad
1748 2902 1934 2965 quam
1979 2883 2342 2948 recensendi
2388 2900 2637 2963 operam
2684 2880 2830 2945 diri-

599 2987 834 3069 gerent.
1723 2999 1726 3002 “

681 3088 1049 3169 Nuperrime
1073 3089 1148 3153 de
1172 3086 1614 3153 Commodiano
1639 3087 2092 3154 Guilelmus
2115 3090 2376 3173 Meyer
2406 3088 2561 3153 00110
2584 3087 2844 3153 meritus

601 3193 713 3254 est.
801 3190 865 3254 Is
909 3191 974 3253 in
1020 3188 1557 3269 commentatione,
1617 3208 1771 3271 quae
1816 3190 2173 3255 inscribitur
2221 3189 2501 3274 ‘Anfang
2545 3193 2672 3255 und
2717 3189 2842 3253 Ur-

600 3309 836 3372 sprung
884 3291 990 3355 der
1049 3291 1460 3356 lateinischen
1520 3293 1649 3357 und
1702 3293 2126 3374 griechischen
2172 3293 2603 3377 rythmischen
2648 3290 2841 3356 Dich-
2894 3327 2902 3337 ·

600 3391 784 3475 tung'
813 3390 920 3474 ³⁰),
967 3395 1096 3475 ipse
1139 3412 1379 3476 quoque
1412 3394 1488 3458 de
1519 3413 1815 3460 uersuum
1862 3393 2288 3461 Commodiani
2334 3400 2648 3460 structura
2692 3394 2838 3475 egit,

602 3496 892 3560 carminis
962 3498 1329 3581 apologetici
1395 3498 1793 3579 potissimum
1860 3499 2098 3563 ratione
2159 3499 2395 3577 habita,
2466 3497 2614 3580 quia
2679 3494 2841 3559 illud

602 3598 810 3662 minus
841 3616 1025 3680 quam
1069 3600 1508 3664 instructiones
1554 3601 1795 3666 mendis
1842 3601 2235 3666 deformatur.

688 3701 830 3766 Illic
875 3719 1013 3765 cum
1061 3703 1183 3766 alia
1227 3704 1430 3767 multa
1486 3706 1665 3768 acute
1722 3705 2095 3785 disputauit‚
2165 3707 2300 3769 tum
2346 3705 2547 3787 legem
2592 3702 2671 3766 ab
2716 3703 2847 3785 ipso

602 3804 800 3886 primo
867 3808 1250 3888 perspectam
1310 3808 1602 3888 protulit,
1672 3827 1859 3890 quam
1906 3812 2152 3873 secutus
2199 3807 2671 3874 Commodianus
2716 3806 2847 3869 toto

605 3908 732 3971 fere
797 3911 1067 3972 carmine
1133 3907 1301 3974 binis
1359 3911 1640 3975 uersibus
1703 3912 1981 3995 singulas
2032 3911 2373 3975 sententias
2420 3906 2847 3976 concludebat.

602 4008 739 4073 Hoc
785 4007 1072 4077 Columbi
1126 4013 1436 4093 quoddam
1482 4030 1670 4077 ouum
1716 4019 1875 4090 erat3
1946 4033 2089 4078 nam
2145 4017 2304 4096 quod
2361 4033 2519 4077 unus
2584 4012 2849 4091 inuenit,

604 4113 690 4186 id,
737 4116 1061 4193 postquam
1107 4114 1431 4178 inuentum
1478 4116 1598 4192 est,
1666 4119 1799 4180 tam
1844 4116 2024 4180 facile
2070 4116 2400 4181 intellectu
2441 4116 2720 4189 uidetur,
2780 4114 2851 4180 ut

694 4264 754 4330 ²⁹)
793 4264 876 4318 Cf.
913 4264 1168 4317 editionis
1205 4269 1416 4320 nostrae
1450 4284 1500 4335 p.
1537 4268 1570 4321 3
1606 4282 1701 4335 sq„
1738 4268 1805 4321 56
1841 4284 1917 4336 sq.

695 4349 754 4416 δι”)
791 4348 1061 4403 Abhandl.
1100 4350 1146 4403 d.
1185 4351 1237 4403 k.
1272 4350 1448 4419 bayer.
1486 4352 1659 4405 Akad.
1697 4352 1746 4405 d.
1785 4352 1941 4405 Wiss.
1979 4353 2153 4407 XVII.
2192 4353 2361 4422 (1885)
2401 4370 2452 4421 p.
2486 4352 2800 4406 288—307.
