3290 5187
642 418 826 464 XXIIII

639 587 724 674 Ο)
771 588 934 655 inter
979 592 1220 654 textum
1265 592 1328 653 et
1373 588 1929 655 commentarium:

838 708 869 771 I
916 708 1023 792 28,
1076 710 1105 771 1
1157 709 1330 775 add.:
1379 706 1528 773 Gal.
1575 711 1633 782 5,
1680 711 1805 792 22;

839 810 903 874 II
949 813 1006 885 1,
1058 811 1138 876 13
1183 811 1356 875 add.:
1400 811 1542 876 Act.
1569 816 1630 888 9,
1664 815 1733 895 53
1779 811 1858 892 cf.
1879 808 2093 889 Lucis.
2124 808 2343 875 Galar.
2368 829 2443 890 p.
2473 811 2625 886 270,
2655 810 2743 874 26
2774 807 2891 871 H.:

932 911 1253 979 ‘calcem
1300 918 1615 977 mittere
1658 917 1881 980 contra
1926 910 2305 996 stimulum’3

840 1017 905 1080 II
952 1017 1012 1099 2,
1062 1018 1143 1081 12
1189 1018 1358 1082 add:
1407 1016 1633 1082 Iudith
1677 1022 1777 1097 16,
1824 1020 1936 1093 18;

839 1119 906 1184 ΙΙ
953 1120 1012 1197 3,
1063 1121 1144 1183 14
1188 1120 1402 1185 scrib.:
1451 1126 1644 1202 Apoc.
1693 1124 1796 1201 21,
1844 1124 1933 1185 23
1979 1138 2088 1202 pro
2132 1123 2241 1197 20,
2290 1121 2412 1194 233

839 1223 905 1287 II
948 1224 1010 1300 4,
1060 1223 1096 1286 7
1144 1223 1317 1288 adda
1364 1223 1544 1287 Psal.
1593 1227 1695 1307 96,
1742 1226 1811 1300 5;
1858 1221 2084 1287 Iudith
2128 1227 2228 1300 16,
2272 1225 2385 1304 18;

847 1326 911 1390 II
961 1325 1061 1409 16,
1111 1325 1192 1392 19
1240 1326 1415 1391 add.:
1466 1325 1613 1391 Gal.
1661 1330 1727 1406 2,
1774 1330 1891 1405 14;

844 1429 908 1493 Π
952 1429 1054 1507 22,
1106 1431 1184 1494 12
1230 1431 1399 1495 add.:
1444 1430 1631 1495 Esai.
1680 1433 1780 1513 58,
1829 1436 1871 1494 7
1920 1429 2140 1512 (Gypr.
2177 1450 2250 1510 p.
2296 1432 2445 1507 108,
2495 1431 2581 1494 20
2627 1427 2778 1508 H.)3

843 1532 906 1597 II
951 1532 1052 1610 26,
1098 1532 1138 1596 9
1179 1533 1353 1597 add.:
1389 1533 1624 1598 Incert.
1648 1537 1816 1597 auct.
1842 1551 2036 1597 carm.
2063 1531 2212 1597 adu.
2242 1531 2562 1596 Marcion.
2582 1529 2718 1595 III
2728 1531 2863 1595 227
2875 1552 2891 1604 ;

841 1637 907 1701 11
951 1637 1053 1720 31,
1103 1636 1143 1699 2
1188 1636 1364 1700 add.:
1415 1635 1559 1700 Τοῦ.
1610 1641 1672 1722 4,
1724 1640 1761 1700 9
1810 1635 2030 1719 (Gypr.
2066 1658 2141 1718 p.
2189 1640 2334 1720 109,
2380 1639 2460 1700 15
2505 1634 2651 1718 Η.);

841 1740 904 1803 ΙΙ
950 1738 1053 1822 38,
1100 1739 1143 1801 4
1186 1738 1353 1804 add.:
1404 1738 1640 1803 Matth.
1688 1742 1792 1823 21,
1838 1742 1960 1821 223
2033 1738 2080 1802 I
2113 1737 2248 1802 Ich.
2296 1741 2360 1822 3,
2408 1739 2530 1816 22,

843 1841 920 1904 A.
967 1840 1092 1905 268
1137 1840 1306 1905 add.:
1353 1839 1530 1906 Dan.
1578 1845 1638 1926 9,
1683 1845 1771 1908 26
1817 1840 2105 1925 (LXX);

843 1942 917 2008 A.
963 1943 1090 2008 580
1133 1945 1306 2008 add.:
1353 1943 1508 2010 Luc.
1554 1947 1614 2023 8,
1660 1948 1740 2010 15
1755 1969 1771 2028 3

846 2048 921 2110 A.
971 2046 1098 2110 972
1143 2046 1521 2112 add.:Mich.
1569 2049 1627 2127 5,
1676 2051 1747 2122 8;

843 2145 920 2214 A.
967 2148 1133 2213 1000
1178 2148 1347 2213 add:
1395 2149 1688 2214 Malach.
1739 2153 1800 2234 4,
1846 2154 1885 2213 1
1934 2149 2153 2232 (Gypr.
2188 2171 2261 2231 p.
2310 2153 2417 2228 94,
2465 2151 2556 2215 22
2601 2147 2741 2229 Η.).

723 2252 859 2316 Iam
914 2251 1113 2315 denuo
1170 2255 1423 2335 prodeat
1483 2251 1964 2318 Commodianus
2030 2272 2154 2318 non
2222 2254 2331 2319 ille
2389 2253 2644 2334 quidem
2688 2256 2891 2316 tersus

642 2355 829 2435 atque
871 2352 1157 2438 limatus,
1231 2357 1295 2419 at
1344 2354 1443 2418 sui
1503 2354 1732 2440 ipsius,
1801 2374 2008 2439 spero,
2075 2355 2259 2438 paulo
2314 2355 2600 2421 similior.
2686 2353 2893 2419 Multa

645 2457 831 2520 etiam
897 2475 1061 2521 nunc
1129 2460 1372 2522 restant
1437 2457 1661 2523 melius
1729 2459 2195 2538 conformanda,
2267 2459 2469 2523 multa
2531 2457 2893 2541 explicanda

644 2560 1013 2639 accuratius,
1083 2560 1308 2643 quibus
1377 2560 1682 2628 doctiores
1750 2564 1814 2627 et
1879 2560 2185 2628 acutiores
2255 2580 2443 2645 quam
2511 2579 2620 2627 nos
2678 2578 2892 2627 sumus

645 2680 931 2746 prospere
976 2682 1221 2745 operam
1265 2665 1622 2748 inpendant.

729 2765 1039 2849 Superest,
1071 2772 1144 2833 ut
1175 2767 1568 2834 Guilelmo
1615 2768 1892 2835 Hartel
1924 2770 1987 2833 et
2015 2768 2267 2834 Marco
2301 2767 2627 2852 zucker,
2675 2768 2782 2849 qui
2823 2766 2892 2832 in

644 2870 915 2953 plagulis
981 2871 1358 2954 corrigendis
1425 2891 1608 2955 opera
1664 2875 1728 2936 et
1785 2872 2042 2938 consilio
2108 2872 2374 2953 benigne
2431 2875 2493 2936 et
2558 2872 2730 2937 enixe
2790 2888 2891 2935 me

646 2972 1047 3051 adiuuabant,
1095 2975 1396 3041 maximas
1440 2992 1550 3058 pro
1595 2975 1838 3040 meritis
1886 2994 2069 3058 agam
2114 2975 2366 3058 gratias,

727 3108 1093 3174 scribebam
1142 3111 1367 3177 Onoldi
1409 3131 1623 3177 mense
1667 3113 1897 3178 Martio
1943 3113 2090 3178 anni
2141 3113 2326 3178 1887.

1849 3302 2046 3366 Bern
2067 3301 2355 3366 hardus
2403 3303 2509 3367 Do
2530 3301 2646 3365 mb
2665 3304 2803 3366 art.
