3290 5187
1074 441 1426 495 uerborum
1461 442 1523 495 et
1557 441 1997 498 locutionum.

371 621 560 695 sputa:
583 641 677 680 nec
700 626 892 679 faciem
917 626 1092 681 auerti
1118 626 1293 695 sputis
1313 643 1495 680 eorum

441 695 507 748 A.
542 695 645 749 356
680 694 850 763 (bibl.)

374 764 587 884 stablula
619 785 685 811 =
724 763 944 817 ecclesia
979 763 1005 816 1
1041 764 1125 828 33,
1162 764 1196 817 5
1230 766 1491 832 (contrar.

443 833 489 884 si
513 836 603 895 ua.)

375 901 577 954 stadia:
601 901 657 953 in
683 915 906 968 quorum
932 900 1292 970 (Iudaeorum)
1319 901 1497 955 stadia

443 970 670 1037 gentiles
706 984 817 1021 esse
852 968 1104 1035 praefecit
1141 973 1201 1024 A.
1239 970 1358 1023 263.
1405 986 1497 1036 per

442 1037 716 1091 duodecim
751 1037 905 1089 milia
941 1038 1119 1091 stadia
1144 1038 1256 1091 lata
1281 1040 1496 1105 (ciuitas

441 1106 700 1173 caelestis)
738 1105 793 1158 II
829 1105 879 1163 3.
922 1107 985 1158 16

374 1178 486 1229 stat
521 1178 733 1242 tempus
769 1175 826 1225 in
863 1173 1021 1226 finem
1060 1174 1300 1228 fumante
1327 1175 1496 1228 Roma

442 1248 707 1297 maturum
744 1263 812 1288 =
847 1243 1083 1295 inclinat
1103 1242 1172 1310 (22)
1210 1245 1272 1299 A.
1309 1243 1411 1297 925

375 1315 549 1366 status
578 1350 591 1362 .
613 1351 624 1363 .
654 1312 766 1364 dies
800 1313 862 1364 A.
901 1311 1004 1364 994

374 1383 586 1434 statuta
619 1381 855 1446 tempora
888 1380 1098 1447 conplet
1133 1381 1195 1432 A.
1234 1381 1336 1434 886

375 1449 574 1503 sterilis
644 1447 875 1511 (sterelis
945 1448 1120 1513 codd.)
1178 1471 1243 1495 =
1305 1465 1497 1516 expers

440 1532 666 1584 operwm
699 1516 966 1570 bonorum
990 1518 1017 1570 Ι
1041 1516 1124 1582 30,
1166 1518 1248 1571 18.
1272 1515 1326 1571 11
1356 1518 1435 1584 14,
1462 1520 1496 1571 9

375 1589 608 1639 sternere
643 1585 754 1638 solo
790 1586 852 1639 A.
891 1586 993 1639 984

376 1655 604 1708 stibium
651 1652 903 1720 (inducis)
952 1655 1009 1707 in
1045 1653 1211 1707 oculis
1247 1653 1307 1707 II
1345 1655 1425 1719 18,
1465 1656 1494 1707 7

376 1723 558 1775 stiram
602 1723 688 1790 (sti
729 1724 936 1791 amem)
977 1723 1163 1776 ducere
1199 1723 1228 1776 Ι
1263 1722 1347 1787 30,
1385 1724 1417 1777 6

374 1790 577 1860 stipem
615 1791 693 1844 tol
718 1805 800 1842 ere
836 1790 864 1843 Ι
904 1791 985 1856 17,
1023 1792 1088 1845 12

376 1859 582 1927 stipula
623 1880 694 1905 =
738 1857 974 1927 κάρφοςε
1035 1859 1344 1927 conspicitis
1398 1860 1497 1912 sti·

443 1928 625 2050 pulam
645 1928 1009 1981 cohaerentem
1030 1929 1086 1981 in
1106 1929 1273 1981 oculis
1297 1929 1498 1982 nostris

476 1996 503 2049 I
540 1997 623 2061 25,
660 1996 693 2050 5
730 1996 893 2060 (bibl.)

375 2065 681 2118 stomachus
731 2086 801 2111 =
852 2080 971 2118 cor:
1025 2065 1232 2132 pulsare
1284 2065 1498 2117 domum

445 2133 708 2186 stomachi
764 2136 846 2200 (=
903 2139 1126 2200 pectus.-
1178 2133 1252 2200 cf.
1305 2133 1363 2186 ΙΙ
1414 2135 1499 2198 21,

449 2202 534 2265 13)
571 2201 631 2254 II
666 2201 749 2263 35,
786 2201 820 2254 4

378 2272 545 2324 storia
591 2292 660 2315 =
705 2271 1054 2338 teyimentum
1107 2272 1168 2321 A.
1234 2272 1329 2325 151
1340 2290 1358 2334 ;
1427 2271 1498 2336 cf.

444 2344 719 2392 comment.
778 2345 831 2391 et
890 2340 1079 2391 incert.
1148 2345 1291 2393 auct.
1364 2339 1494 2393 adu.

417 2459 419 2463 ,
448 2407 729 2463 Marcion.
767 2406 844 2460 ΙΙ
872 2410 949 2460 88
981 2422 1118 2474 sqq.3
1153 2410 1265 2460 123
1299 2423 1376 2476 sq.

378 2474 696 2545 strenia<m)
733 2480 997 2528 sectantes
1036 2478 1098 2527 A.
1138 2475 1237 2528 762

378 2545 600 2598 stridere
638 2545 796 2597 alicui
831 2565 900 2590 =
936 2544 1255 2598 maledicere
1300 2547 1362 2597 A.
1401 2544 1498 2599 739

378 2617 488 2665 stro
525 2612 596 2666 ha
631 2633 699 2659 ε
733 2615 1016 2666 mimorum
1041 2612 1255 2667 ludicra
1278 2615 1337 2667 ΙΙ
1364 2614 1414 2678 7,
1438 2615 1498 2675 3;

445 2630 524 2746 εχ
552 2688 827 2735 comment.

378 2753 701 2871 strlucltprzm
740 2765 920 2816 gerere
959 2749 988 2804 1
1028 2750 1106 2814 10,
1135 2751 1183 2802 7.
1220 2754 1319 2803 str.
1347 2751 1498 2818 sequi

380 2885 595 2939 suadere
631 2901 674 2938 c.
727 2900 835 2940 acc.
875 2900 1179 2951 personae.-
1224 2886 1415 2941 suadeo
1443 2924 1456 2937 .
1476 2927 1488 2939 .

448 2954 589 3007 altos
643 2954 721 3007 sic
774 2960 829 3006 et
882 2954 1110 3008 humiles
1148 2955 1212 3007 A.
1249 2956 1333 3008 29.
1381 2972 1499 3008 sua-

448 3022 634 3076 demur
668 3023 730 3075 A.
755 3022 871 3078 301.
911 3024 1116 3077 saeculo
1142 3025 1286 3076 suasi
1311 3025 1373 3077 A.
1402 3025 1500 3077 765

378 3090 477 3143 sub
531 3108 576 3145 c.
630 3091 735 3143 abl.
785 3107 895 3158 pro
940 3107 1142 3144 accus:
1198 3091 1295 3145 sub
1343 3095 1500 3146 tectis

447 3159 544 3212 illa
589 3160 740 3212 uenit
787 3160 814 3213 1
868 3161 946 3223 11,
998 3161 1075 3213 16.
1133 3161 1365 3229 refugite
1402 3161 1500 3213 sub

448 3236 604 3281 antro
641 3228 670 3281 I
704 3228 788 3290 33,
817 3228 865 3279 7.
900 3229 979 3280 ire
1006 3229 1103 3281 sub
1131 3231 1354 3281 barbaro
1377 3245 1500 3297 rege

399 3307 402 3310 '
448 3297 507 3351 11
543 3297 593 3359 9,
637 3297 684 3350 6.
742 3296 841 3350 sub
877 3296 1102 3349 barbaro
1139 3313 1262 3366 rege
1297 3297 1501 3366 refugit

449 3366 508 3419 11
538 3366 618 3430 13,
640 3367 686 3417 4.
729 3366 974 3418 senatum
993 3366 1091 3419 sub
1121 3366 1248 3435 iugo
1273 3367 1501 3419 mittunt

448 3439 510 3486 A.
537 3434 653 3487 820.
692 3436 893 3487 turrem
933 3435 1184 3487 fabricare
1220 3436 1317 3486 sub
1340 3435 1500 3488 astris

448 3509 511 3555 A.
541 3503 653 3555 165.
673 3532 743 3541 —
766 3504 865 3555 sub
891 3501 994 3554 fine
1015 3500 1044 3554 1
1064 3503 1149 3566 41,
1178 3503 1225 3556 9.
1264 3502 1366 3554 fine
1402 3504 1500 3556 sub

409 3572 413 3576 ’
448 3572 565 3638 ipsa
602 3574 665 3623 A.
692 3571 820 3624 398.
877 3570 975 3623 sub
1013 3572 1127 3638 ipso
1164 3572 1361 3624 saeculi
1399 3571 1501 3623 fine

449 3642 512 3690 A.
547 3640 664 3693 829.
724 3639 823 3692 sub
872 3640 985 3706 ipso
1034 3644 1268 3706 tempore
1299 3660 1369 3686 =
1402 3641 1501 3694 sub

449 3707 594 3760 idem
646 3714 857 3776 tempus
904 3710 967 3759 A.
1014 3707 1143 3767 823;
1197 3706 1266 3773 cf.
1305 3710 1368 3760 A.
1405 3708 1499 3761 41:

446 3776 563 3827 Noe
598 3777 694 3829 sub
729 3781 982 3843 tempora.
1016 3804 1087 3815 --
1109 3797 1178 3821 =
1211 3778 1275 3829 in
1312 3792 1356 3829 c.
1392 3778 1499 3830 abl.

449 3844 554 3895 Dei
585 3845 683 3897 sub
719 3848 932 3912 aspectu
971 3845 997 3897 Ι
1032 3845 1116 3906 23,
1156 3845 1237 3899 14.
1284 3845 1382 3897 sub
1420 3846 1500 3897 in-

449 3912 599 3965 ferno
636 3914 956 3965 cruciaberis
993 3913 1019 3965 1
1057 3913 1140 3979 26,
1174 3913 1224 3965 4.
1263 3914 1361 3966 sub
1399 3930 1500 3965 uno

415 3981 648 4034 ‘morari
680 4002 749 4028 =
783 3997 892 4033 uno
936 3982 1049 4035 loco
1096 3981 1153 4034 II
1200 3982 1249 4045 2,
1290 3982 1368 4034 11.
1421 3984 1499 4042 14,

447 4051 498 4102 8.
553 4049 650 4102 sub
704 4066 810 4102 uno
863 4053 1131 4103 momento
1186 4049 1242 4103 11
1292 4050 1375 4112 22,
1419 4050 1501 4103 16.

447 4119 547 4171 sub
600 4117 807 4171 latebra
859 4117 972 4189 (tc)
1027 4118 1187 4171 conde
1225 4117 1283 4173 11
1329 4120 1379 4182 9,
1416 4118 1499 4172 10.

447 4187 545 4239 sub
571 4202 698 4255 pace
721 4185 781 4240 II
809 4185 893 4248 25,
917 4187 967 4239 9.
1003 4186 1102 4239 sub
1140 4202 1246 4240 una
1272 4185 1502 4256 loquella

448 4258 511 4309 A.
551 4256 664 4308 167.
704 4260 1033 4308 tormentum
1059 4258 1142 4308 est
1165 4258 1359 4317 totum,
1398 4270 1502 4323 quo

449 4324 683 4377 uiuimus
731 4323 836 4376 isto
872 4322 973 4376 sub
1011 4338 1140 4376 aeuo
1177 4323 1239 4376 A.
1277 4324 1397 4377 309.
1431 4352 1503 4365 -

445 4411 514 4437 =
536 4391 544 4398 ’
565 4407 657 4459 per
710 4392 926 4445 modum
983 4392 1300 4461 siqnificans
1313 4412 1331 4443 .·
1402 4392 1500 4445 sub

2581 442 2708 508 243

1653 627 1858 681 ludicro
1895 643 1992 681 suo
2041 628 2293 681 honorem
2333 628 2419 681 illi
2458 627 2710 696 (Baccho)

1653 695 1839 750 dedere
1875 696 1903 752 Ι
1943 696 2022 763 12,
2066 696 2145 749 17.
2183 696 2283 749 sub
2308 711 2536 765 quorum
2572 713 2715 750 mar-

1651 764 1795 832 tyrio
1847 764 2052 818 decima
2105 780 2229 832 pars
2289 765 2504 818 conruit
2564 766 2715 819 urbis

1651 835 1717 886 A.
1752 834 1873 887 859.
1927 848 1982 886 se
2028 833 2125 887 sub
2173 832 2348 902 figura
2393 833 2636 902 fatigant
2687 832 2716 886 Ι

1656 902 1737 966 17,
1776 903 1825 956 5.
1900 901 2072 955 atitur
2109 903 2209 954 sub
2248 902 2487 971 imagine
2525 904 2713 955 nostra

1653 972 1716 1023 A.
1780 970 1898 1024 22.
1957 998 2029 1011 --
2090 975 2196 1023 tem
2237 971 2422 1024 oribus
2480 972 2717 1025 alicuius

1653 1038 1751 1091 sub
1772 1037 2117 1092 Antechristo
2152 1038 2179 1090 Ι
2247 1040 2297 1102 3,
2338 1039 2388 1092 6.
2427 1039 2527 1092 sub
2554 1041 2714 1092 Anti·

1654 1105 1859 1159 christo
1885 1106 2092 1160 deuicto
2121 1106 2175 1160 11
2201 1107 2285 1171 39,
2314 1108 2396 1162 13.
2428 1137 2490 1149 —
2511 1129 2581 1163 =
2602 1106 2711 1159 ὑπό

1653 1191 1695 1228 c.
1734 1175 1845 1228 dat.
1883 1175 2000 1228 uim
2034 1181 2197 1242 atque
2232 1175 2503 1229 dicionem
2539 1176 2713 1244 siqni-

1653 1244 1850 1308 ficans:
1870 1244 2162 1297 mittebant
2181 1245 2361 1311 capita
2379 1245 2478 1296 sub
2498 1245 2716 1298 numine

1654 1312 1809 1433 {²333
1833 1312 2717 1435 3333114325·121103ἒὲ

1659 1449 1851 1502 bonum
1890 1448 1949 1503 11
1986 1448 2070 1514 30,
2117 1450 2166 1502 3.
2229 1448 2327 1502 sub
2365 1449 2486 1518 lege
2536 1448 2716 1503 uiuere

1655 1521 1717 1569 A.
1758 1517 1872 1571 198.
1912 1517 2251 1571 trucidantur
2288 1518 2396 1570 isto
2434 1517 2533 1570 sub
2559 1516 2714 1571 hoste

1656 1590 1717 1638 A.
1741 1585 1859 1638 822.
1885 1614 1956 1625 —
1978 1585 2077 1638 sub
2115 1600 2158 1639 c.
2197 1600 2307 1640 acc.
2336 1586 2490 1654 plur.
2528 1591 2709 1641 neutr.

1688 1671 1770 1707 en.
1808 1669 1918 1722 pro
1962 1654 2098 1708 abL:
2149 1655 2248 1707 sub
2294 1655 2408 1707 fata
2467 1654 2714 1707 uiuentes

1723 1723 1771 1788 7,
1810 1724 1892 1775 11.
1929 1722 2028 1774 sub
2067 1723 2323 1790 mysteria
2350 1723 2377 1775 I
2406 1723 2489 1787 17,
2526 1725 2578 1781 3.
2614 1723 2713 1776 sub

1654 1795 1862 1844 tartara
1913 1791 2134 1859 planges
2182 1791 2211 1844 Ι
2256 1789 2339 1855 26,
2392 1791 2477 1844 36.
2532 1790 2706 1844 sub..

1653 1862 1800 1912 tecta
1851 1864 2123 1912 manentes
2153 1858 2182 1912 Ι
2218 1859 2301 1920 33,
2352 1859 2402 1912 6.
2458 1857 2572 1912 Noe
2619 1859 2717 1912 sub

1656 1932 1893 1996 tempora
1928 1931 1991 1979 A.
2026 1929 2115 1991 413
2155 1928 2225 1994 cf.
2256 1943 2318 1995 p.
2354 1929 2468 1981 232

1587 1997 1863 2118 suauiteg1
1879 2000 2101 2064 gustare
2139 2019 2201 2042 =
2252 2012 2374 2049 cum
2427 1996 2713 2064 uoluptate

1589 2133 1812 2186 subdere
1848 2148 1904 2185 se
1940 2132 1998 2185 11
2033 2132 2117 2197 31,
2160 2132 2189 2185 7

1588 2202 1837 2255 subditus
1871 2199 1900 2253 Ι
1932 2201 2016 2263 30,
2057 2201 2102 2253 7.
2143 2202 2287 2265 180²)

1587 2270 1810 2324 subdole
1844 2270 1873 2324 1
1912 2270 1992 2332 11,
2031 2269 2079 2322 7.
2116 2271 2179 2322 A.
2216 2269 2319 2323 525

1589 2338 1870 2392 subdolus:
1909 2337 2138 2391 subdola
2175 2353 2274 2404 pax
2311 2337 2369 2390 ΙΙ
2403 2337 2487 2401 25,
2526 2337 2575 2390 7.
2628 2338 2705 2390 12.

1657 2407 1741 2477 29,
1779 2408 1827 2459 6.
1867 2406 2092 2459 subdola
2129 2406 2305 2459 fronte
2342 2407 2404 2459 A.
2440 2406 2544 2458 425

1588 2476 1824 2530 subicere
1848 2497 1915 2523 =
1939 2489 2254 2544 suyqerere:
2300 2474 2566 2527 interdum
2593 2474 2718 2526 sub-

1655 2544 1805 2667 }i‘lz’v
1831 2542 2718 2680 Eussssffssssrrssrssssssffgssenl'ffissffi

1656 2681 1872 2745 subicit,
1911 2681 2016 2734 nisi
2055 2681 2198 2734 solus
2236 2681 2396 2749 ignis,
2436 2679 2502 2733 ad
2539 2696 2711 2733 escam

1587 2818 1859 2872 subiectus
1911 2838 1978 2863 =
2033 2817 2348 2871 oboediens.-
2408 2817 2713 2890 subiectum

1655 2891 1711 2940 te
1746 2886 1936 2955 praebe
1973 2886 2081 2938 Deo
2119 2885 2146 2939 Ι
2181 2886 2265 2952 34,
2302 2887 2368 2940 21

1589 2955 1815 3008 subinde
1848 2977 1919 3001 ·.--.
1951 2952 2249 3007 identidem
2286 2955 2345 3007 ΙΙ
2381 2954 2465 3017 30,
2505 2955 2537 3007 6

1590 3024 1769 3077 subire
1793 3039 1836 3078 c.
1863 3023 1974 3076 dat.
2010 3043 2080 3068 =
2113 3037 2449 3085 succurrere,
2475 3022 2540 3075 in
2561 3038 2710 3076 men-

1657 3099 1762 3145 tem
1796 3093 2016 3145 uenire.-
2052 3090 2294 3144 stultitia
2327 3090 2496 3145 subiit
2519 3091 2711 3144 multis

1655 3161 1827 3214 Deum
1866 3160 1999 3213 talia
2035 3175 2255 3226 passum
2294 3165 2355 3212 A.
2393 3158 2494 3212 357

1588 3228 1805 3282 sublabi
1830 3251 1897 3276 =
1922 3227 2089 3286 elabi:
2127 3228 2439 3295 sublapsum
2468 3227 2716 3297 (discum)

1657 3312 1764 3350 non
1800 3299 1981 3365 potuit
2014 3296 2241 3348 retinere
2278 3296 2304 3348 Ι
2342 3298 2422 3359 11,
2460 3297 2532 3349 20

1590 3366 1997 3419 subministrare
2024 3365 2260 3431 (stipem)
2282 3364 2465 3417 infimo
2491 3364 2552 3418 ΙΙ
2578 3365 2661 3429 36,
2682 3367 2715 3420 6

1590 3434 1803 3487 suboles
1862 3434 2113 3487 mascul.:
2181 3433 2436 3500 generaui
2507 3434 2717 3487 suboles

1654 3502 1874 3570 (plan).
1894 3539 1934 3566 .,
1972 3501 2063 3571 qui
2101 3517 2185 3554 me
2211 3505 2471 3569 negarent
2496 3504 2557 3555 A.
2595 3502 2716 3555 426.

1656 3570 1880 3638 impium
1915 3574 1970 3623 et
2006 3584 2223 3623 saeuum
2260 3570 2496 3623 subolem
2523 3570 2588 3624 A.
2618 3571 2718 3626 725

1590 3639 1884 3691 subornant
1907 3640 2030 3692 aliis
2055 3655 2115 3692 ex
2141 3654 2195 3691 se
2226 3678 2236 3689 .
2259 3676 2272 3689 .
2301 3639 2496 3691 falsum
2515 3661 2581 3686 =
2610 3655 2717 3708 per

1654 3706 1911 3772 fraudem
1943 3708 2211 3774 inponere
2247 3707 2275 3760 Ι
2318 3708 2395 3769 17,
2433 3707 2467 3760 3

1589 3777 1900 3843 subrepere:
1922 3775 2240 3828 blandiendo
2265 3775 2417 3828 uobis
2443 3774 2713 3843 subrepsit

1658 3845 1802 3897 Euae
1836 3843 2079 3897 seductor
2114 3844 2173 3897 II
2208 3844 2292 3908 29,
2330 3844 2358 3896 7

1588 3912 1916 3966 subsannare
1951 3933 2020 3959 =
2054 3911 2287 3966 illudere
2323 3913 2350 3965 Ι
2386 3912 2472 3974 38,
2524 3914 2573 3965 6.
2628 3912 2714 3977 40,

1661 3982 1739 4034 11.
1778 3985 1840 4034 A.
1877 3981 1959 4034 56.
1999 3981 2102 4036 506

1588 4049 1879 4103 subsidunt
1915 4053 2123 4102 montes
2159 4048 2219 4102 ΙΙ
2259 4050 2305 4112 1,
2343 4048 2411 4101 34

1589 4120 1944 4172 substernunt
1979 4134 2033 4170 se
2067 4120 2274 4170 montes
2311 4118 2372 4170 A.
2408 4117 2512 4170 968

1589 4184 1894 4240 substituta
1950 4191 2122 4239 morte
2174 4208 2239 4234 =
2295 4185 2548 4237 θανάτου
2608 4181 2717 4236 ἐπι-

1659 4255 1889 4315 στάπυς
1921 4257 1987 4309 A.
2021 4254 2124 4307 306

1590 4324 1904 4378 subtrahere
1938 4339 1992 4376 se
2030 4322 2192 4376 alicui
2228 4343 2295 4369 ==
2331 4321 2613 4375 abscedere
2648 4322 2718 4374 ab

1659 4393 1845 4460 aliquo
1883 4394 1910 4446 I
1944 4391 2029 4458 21,
2071 4392 2134 4444 11

2412 4490 2517 4549 16·
